
    <marc:record>
        <marc:leader>04004cim a2200697 i 4500</marc:leader>
        <marc:controlfield tag="001">99149114550001452</marc:controlfield>
        <marc:controlfield tag="005">20240916213021.0</marc:controlfield>
        <marc:controlfield tag="007">sd bmmennmpl|e</marc:controlfield>
        <marc:controlfield tag="008">771102s1965    nyunnnn        p  n eng  </marc:controlfield>
        <marc:datafield tag="010" ind1=" " ind2=" ">
            <marc:subfield code="a">r  66001758 </marc:subfield>
        </marc:datafield>
        <marc:datafield tag="019" ind1=" " ind2=" ">
            <marc:subfield code="a">522866</marc:subfield>
            <marc:subfield code="a">16675449</marc:subfield>
            <marc:subfield code="a">29068152</marc:subfield>
        </marc:datafield>
        <marc:datafield tag="028" ind1="0" ind2="0">
            <marc:subfield code="a">TC 1203</marc:subfield>
            <marc:subfield code="b">Caedmon</marc:subfield>
        </marc:datafield>
        <marc:datafield tag="035" ind1=" " ind2=" ">
            <marc:subfield code="a">(OCoLC)03389067</marc:subfield>
            <marc:subfield code="z">(OCoLC)522866</marc:subfield>
            <marc:subfield code="z">(OCoLC)16675449</marc:subfield>
            <marc:subfield code="z">(OCoLC)29068152</marc:subfield>
        </marc:datafield>
        <marc:datafield tag="035" ind1=" " ind2=" ">
            <marc:subfield code="a">(OCoLC)ocm03389067 </marc:subfield>
        </marc:datafield>
        <marc:datafield tag="035" ind1=" " ind2=" ">
            <marc:subfield code="a">(EXLNZ-01ALLIANCE_NETWORK)99159635550001451</marc:subfield>
        </marc:datafield>
        <marc:datafield tag="035" ind1=" " ind2=" ">
            <marc:subfield code="a">(01ALLIANCE_UW)99149114550001452</marc:subfield>
        </marc:datafield>
        <marc:datafield tag="040" ind1=" " ind2=" ">
            <marc:subfield code="a">DLC</marc:subfield>
            <marc:subfield code="b">eng</marc:subfield>
            <marc:subfield code="c">IAW</marc:subfield>
            <marc:subfield code="d">IAW</marc:subfield>
            <marc:subfield code="d">OCL</marc:subfield>
            <marc:subfield code="d">OCLCQ</marc:subfield>
            <marc:subfield code="d">COO</marc:subfield>
            <marc:subfield code="d">OCLCQ</marc:subfield>
            <marc:subfield code="d">OCLCG</marc:subfield>
            <marc:subfield code="d">UPM</marc:subfield>
            <marc:subfield code="d">OQP</marc:subfield>
            <marc:subfield code="d">BGU</marc:subfield>
            <marc:subfield code="d">OCLCF</marc:subfield>
            <marc:subfield code="d">NAM</marc:subfield>
            <marc:subfield code="d">AUW</marc:subfield>
            <marc:subfield code="d">OCL</marc:subfield>
            <marc:subfield code="d">OCLCQ</marc:subfield>
            <marc:subfield code="d">OCLCA</marc:subfield>
            <marc:subfield code="d">ISN</marc:subfield>
            <marc:subfield code="d">TXI</marc:subfield>
            <marc:subfield code="d">INT</marc:subfield>
            <marc:subfield code="d">OCLCQ</marc:subfield>
            <marc:subfield code="d">OCL</marc:subfield>
            <marc:subfield code="d">TYC</marc:subfield>
            <marc:subfield code="d">OCLCO</marc:subfield>
            <marc:subfield code="d">XFF</marc:subfield>
            <marc:subfield code="d">OCLCO</marc:subfield>
            <marc:subfield code="d">OCLCQ</marc:subfield>
            <marc:subfield code="d">OCLCL</marc:subfield>
        </marc:datafield>
        <marc:datafield tag="045" ind1=" " ind2=" ">
            <marc:subfield code="a">w8x3</marc:subfield>
        </marc:datafield>
        <marc:datafield tag="049" ind1=" " ind2=" ">
            <marc:subfield code="a">MAIN</marc:subfield>
        </marc:datafield>
        <marc:datafield tag="050" ind1=" " ind2="4">
            <marc:subfield code="a">PR4809.H15</marc:subfield>
            <marc:subfield code="b">A17 1965</marc:subfield>
        </marc:datafield>
        <marc:datafield tag="082" ind1="0" ind2="4">
            <marc:subfield code="a">821/.912</marc:subfield>
            <marc:subfield code="2">19</marc:subfield>
        </marc:datafield>
        <marc:datafield tag="100" ind1="1" ind2=" ">
            <marc:subfield code="a">Housman, A. E.</marc:subfield>
            <marc:subfield code="q">(Alfred Edward),</marc:subfield>
            <marc:subfield code="d">1859-1936.</marc:subfield>
            <marc:subfield code="1">https://id.oclc.org/worldcat/entity/E39PBJB8pYPQw3wcDHYmQMkCcP</marc:subfield>
        </marc:datafield>
        <marc:datafield tag="240" ind1="1" ind2="0">
            <marc:subfield code="a">Poems.</marc:subfield>
            <marc:subfield code="k">Selections</marc:subfield>
        </marc:datafield>
        <marc:datafield tag="245" ind1="1" ind2="2">
            <marc:subfield code="a">A Shropshire lad, and other poems.</marc:subfield>
        </marc:datafield>
        <marc:datafield tag="260" ind1=" " ind2=" ">
            <marc:subfield code="b">Caedmon,</marc:subfield>
            <marc:subfield code="c">[1965]</marc:subfield>
        </marc:datafield>
        <marc:datafield tag="300" ind1=" " ind2=" ">
            <marc:subfield code="a">1 audio disc ;</marc:subfield>
            <marc:subfield code="c">12 in.</marc:subfield>
        </marc:datafield>
        <marc:datafield tag="306" ind1=" " ind2=" ">
            <marc:subfield code="a">003800</marc:subfield>
        </marc:datafield>
        <marc:datafield tag="336" ind1=" " ind2=" ">
            <marc:subfield code="a">spoken word</marc:subfield>
            <marc:subfield code="b">spw</marc:subfield>
            <marc:subfield code="2">rdacontent</marc:subfield>
        </marc:datafield>
        <marc:datafield tag="337" ind1=" " ind2=" ">
            <marc:subfield code="a">audio</marc:subfield>
            <marc:subfield code="b">s</marc:subfield>
            <marc:subfield code="2">rdamedia</marc:subfield>
        </marc:datafield>
        <marc:datafield tag="338" ind1=" " ind2=" ">
            <marc:subfield code="a">audio disc</marc:subfield>
            <marc:subfield code="b">sd</marc:subfield>
            <marc:subfield code="2">rdacarrier</marc:subfield>
        </marc:datafield>
        <marc:datafield tag="340" ind1=" " ind2=" ">
            <marc:subfield code="a">vinyl</marc:subfield>
            <marc:subfield code="b">12 in.</marc:subfield>
        </marc:datafield>
        <marc:datafield tag="344" ind1=" " ind2=" ">
            <marc:subfield code="a">analog</marc:subfield>
            <marc:subfield code="2">rdatr</marc:subfield>
        </marc:datafield>
        <marc:datafield tag="344" ind1=" " ind2=" ">
            <marc:subfield code="c">33 1/3 rpm</marc:subfield>
        </marc:datafield>
        <marc:datafield tag="344" ind1=" " ind2=" ">
            <marc:subfield code="d">microgroove</marc:subfield>
        </marc:datafield>
        <marc:datafield tag="344" ind1=" " ind2=" ">
            <marc:subfield code="g">mono</marc:subfield>
            <marc:subfield code="2">rdacpc</marc:subfield>
        </marc:datafield>
        <marc:datafield tag="511" ind1="0" ind2=" ">
            <marc:subfield code="a">Read by James Mason.</marc:subfield>
        </marc:datafield>
        <marc:datafield tag="520" ind1=" " ind2=" ">
            <marc:subfield code="a">Presents selections from Last poems and More poems, as well as A Shropshire lad.</marc:subfield>
        </marc:datafield>
        <marc:datafield tag="500" ind1=" " ind2=" ">
            <marc:subfield code="a">Descriptive notes by Vernon Watkins on slipcase.</marc:subfield>
        </marc:datafield>
        <marc:datafield tag="505" ind1="0" ind2="0">
            <marc:subfield code="t">1877 --</marc:subfield>
            <marc:subfield code="t">Loveliest of trees, the cherry now --</marc:subfield>
            <marc:subfield code="t">The recruit --</marc:subfield>
            <marc:subfield code="t">Oh see how thick the goldcup flowers --</marc:subfield>
            <marc:subfield code="t">When smoke stood up from Ludlow --</marc:subfield>
            <marc:subfield code="t">Farewell to barn and stack and tree --</marc:subfield>
            <marc:subfield code="t">On moonlit heath and lonesome bank --</marc:subfield>
            <marc:subfield code="t">When I watch the living meet --</marc:subfield>
            <marc:subfield code="t">When I was one-and-twenty --</marc:subfield>
            <marc:subfield code="t">Twice a week the winter through --</marc:subfield>
            <marc:subfield code="t">Oh, when I was in love with you --</marc:subfield>
            <marc:subfield code="t">To an athlete dying young --</marc:subfield>
            <marc:subfield code="t">Bredon Hill --</marc:subfield>
            <marc:subfield code="t">The lads in their hundreds to Ludlow come in for the fair --</marc:subfield>
            <marc:subfield code="t">This time of year a twelvemonth past --</marc:subfield>
            <marc:subfield code="t">Along the field as we came by --</marc:subfield>
            <marc:subfield code="t">Is my team ploughing? --</marc:subfield>
            <marc:subfield code="t">On Wenlock Edge the wood's in trouble --</marc:subfield>
            <marc:subfield code="t">The new mistress --</marc:subfield>
            <marc:subfield code="t">As through the wild green hills of Wyre --</marc:subfield>
            <marc:subfield code="t">The winds out of the west land blow.</marc:subfield>
        </marc:datafield>
        <marc:datafield tag="505" ind1="0" ind2="0">
            <marc:subfield code="t">In my shire, if I was sad --</marc:subfield>
            <marc:subfield code="t">Shot? so quick, so clean an ending? --</marc:subfield>
            <marc:subfield code="t">If it chance your eye offend you --</marc:subfield>
            <marc:subfield code="t">Clunton and Clunbury --</marc:subfield>
            <marc:subfield code="t">Loitering with a vacant eye --</marc:subfield>
            <marc:subfield code="t">The Carpenter's son --</marc:subfield>
            <marc:subfield code="t">With rue my heart is laden --</marc:subfield>
            <marc:subfield code="t">Terence, this is stupid stuff --</marc:subfield>
            <marc:subfield code="t">I hoed and trenched and weeded --</marc:subfield>
            <marc:subfield code="t">Last poems: Introduction --</marc:subfield>
            <marc:subfield code="t">The laws of God, the laws of man --</marc:subfield>
            <marc:subfield code="t">The Culprit --</marc:subfield>
            <marc:subfield code="t">Eight o'clock --</marc:subfield>
            <marc:subfield code="t">The first of May --</marc:subfield>
            <marc:subfield code="t">When first my May to fair I took --</marc:subfield>
            <marc:subfield code="t">Tell me not here, it needs not saying --</marc:subfield>
            <marc:subfield code="t">Fancy's knell --</marc:subfield>
            <marc:subfield code="t">Stone, steel, dominions pass --</marc:subfield>
            <marc:subfield code="t">Good creatures, do you love your lives? --On forelands high in heaven --</marc:subfield>
            <marc:subfield code="t">Here dead lie we because we did not choose --</marc:subfield>
            <marc:subfield code="t">I did not lose my heart in summer's even --</marc:subfield>
            <marc:subfield code="t">Parta quies.</marc:subfield>
        </marc:datafield>
        <marc:datafield tag="508" ind1=" " ind2=" ">
            <marc:subfield code="a">Read by James Mason.</marc:subfield>
        </marc:datafield>
        <marc:datafield tag="650" ind1=" " ind2="0">
            <marc:subfield code="a">English poetry</marc:subfield>
            <marc:subfield code="y">20th century.</marc:subfield>
        </marc:datafield>
        <marc:datafield tag="650" ind1=" " ind2="0">
            <marc:subfield code="a">English poetry</marc:subfield>
            <marc:subfield code="y">19th century.</marc:subfield>
        </marc:datafield>
        <marc:datafield tag="650" ind1=" " ind2="6">
            <marc:subfield code="a">Poésie anglaise</marc:subfield>
            <marc:subfield code="y">20e siècle.</marc:subfield>
        </marc:datafield>
        <marc:datafield tag="650" ind1=" " ind2="6">
            <marc:subfield code="a">Poésie anglaise</marc:subfield>
            <marc:subfield code="y">19e siècle.</marc:subfield>
        </marc:datafield>
        <marc:datafield tag="650" ind1=" " ind2="7">
            <marc:subfield code="a">English poetry.</marc:subfield>
            <marc:subfield code="2">fast</marc:subfield>
            <marc:subfield code="0">(OCoLC)fst00912278</marc:subfield>
        </marc:datafield>
        <marc:datafield tag="655" ind1=" " ind2="7">
            <marc:subfield code="a">poetry.</marc:subfield>
            <marc:subfield code="2">aat</marc:subfield>
        </marc:datafield>
        <marc:datafield tag="655" ind1=" " ind2="7">
            <marc:subfield code="a">Poetry readings (Sound recordings)</marc:subfield>
            <marc:subfield code="2">fast</marc:subfield>
            <marc:subfield code="0">(OCoLC)fst01910819</marc:subfield>
        </marc:datafield>
        <marc:datafield tag="655" ind1=" " ind2="7">
            <marc:subfield code="a">Poetry.</marc:subfield>
            <marc:subfield code="2">fast</marc:subfield>
            <marc:subfield code="0">(OCoLC)fst01423828</marc:subfield>
        </marc:datafield>
        <marc:datafield tag="655" ind1=" " ind2="7">
            <marc:subfield code="a">Audiobooks.</marc:subfield>
            <marc:subfield code="2">fast</marc:subfield>
            <marc:subfield code="0">(OCoLC)fst01726208</marc:subfield>
        </marc:datafield>
        <marc:datafield tag="655" ind1=" " ind2="7">
            <marc:subfield code="a">Poetry readings (Sound recordings)</marc:subfield>
            <marc:subfield code="2">lcgft</marc:subfield>
        </marc:datafield>
        <marc:datafield tag="655" ind1=" " ind2="7">
            <marc:subfield code="a">Poetry.</marc:subfield>
            <marc:subfield code="2">lcgft</marc:subfield>
        </marc:datafield>
        <marc:datafield tag="655" ind1=" " ind2="7">
            <marc:subfield code="a">Audiobooks.</marc:subfield>
            <marc:subfield code="2">lcgft</marc:subfield>
        </marc:datafield>
        <marc:datafield tag="655" ind1=" " ind2="7">
            <marc:subfield code="a">Lectures de poésie (Enregistrements sonores)</marc:subfield>
            <marc:subfield code="2">rvmgf</marc:subfield>
        </marc:datafield>
        <marc:datafield tag="655" ind1=" " ind2="7">
            <marc:subfield code="a">Poésie.</marc:subfield>
            <marc:subfield code="2">rvmgf</marc:subfield>
        </marc:datafield>
        <marc:datafield tag="655" ind1=" " ind2="7">
            <marc:subfield code="a">Livres audio.</marc:subfield>
            <marc:subfield code="2">rvmgf</marc:subfield>
        </marc:datafield>
        <marc:datafield tag="648" ind1=" " ind2="7">
            <marc:subfield code="a">1800-1999</marc:subfield>
            <marc:subfield code="2">fast</marc:subfield>
        </marc:datafield>
        <marc:datafield tag="700" ind1="1" ind2=" ">
            <marc:subfield code="a">Mason, James,</marc:subfield>
            <marc:subfield code="d">1909-1984.</marc:subfield>
            <marc:subfield code="4">prf</marc:subfield>
            <marc:subfield code="1">https://id.oclc.org/worldcat/entity/E39PBJpJb4Fvw38XGByWJqX8G3</marc:subfield>
        </marc:datafield>
        <marc:datafield tag="973" ind1=" " ind2=" ">
            <marc:subfield code="a">lprecords</marc:subfield>
        </marc:datafield>
        <marc:datafield tag="978" ind1=" " ind2=" ">
            <marc:subfield code="a">.b30228402</marc:subfield>
            <marc:subfield code="9">LOCAL</marc:subfield>
        </marc:datafield>
        <marc:datafield tag="994" ind1=" " ind2=" ">
            <marc:subfield code="a">92</marc:subfield>
            <marc:subfield code="b">OCACL</marc:subfield>
        </marc:datafield>
    </marc:record>