
    <marc:record>
        <marc:leader>03858cim a22006497i 4500</marc:leader>
        <marc:controlfield tag="001">99162700469501452</marc:controlfield>
        <marc:controlfield tag="005">20240911213022.0</marc:controlfield>
        <marc:controlfield tag="006">m     o  h        </marc:controlfield>
        <marc:controlfield tag="007">sz zunnnnnuneu</marc:controlfield>
        <marc:controlfield tag="007">cr nnannnuuuuu</marc:controlfield>
        <marc:controlfield tag="008">230620s2023    xx nnnn o      z  n eng d</marc:controlfield>
        <marc:datafield tag="019" ind1=" " ind2=" ">
            <marc:subfield code="a">1417621514</marc:subfield>
        </marc:datafield>
        <marc:datafield tag="020" ind1=" " ind2=" ">
            <marc:subfield code="a">9781663729095</marc:subfield>
            <marc:subfield code="q">(electronic audio bk.)</marc:subfield>
        </marc:datafield>
        <marc:datafield tag="020" ind1=" " ind2=" ">
            <marc:subfield code="a">1663729093</marc:subfield>
            <marc:subfield code="q">(electronic audio bk.)</marc:subfield>
        </marc:datafield>
        <marc:datafield tag="035" ind1=" " ind2=" ">
            <marc:subfield code="a">(OCoLC)1383648857</marc:subfield>
            <marc:subfield code="z">(OCoLC)1417621514</marc:subfield>
        </marc:datafield>
        <marc:datafield tag="035" ind1=" " ind2=" ">
            <marc:subfield code="a">(OCoLC)on1383648857</marc:subfield>
        </marc:datafield>
        <marc:datafield tag="035" ind1=" " ind2=" ">
            <marc:subfield code="a">(EXLNZ-01ALLIANCE_NETWORK)99335797325601451</marc:subfield>
        </marc:datafield>
        <marc:datafield tag="035" ind1=" " ind2=" ">
            <marc:subfield code="a">(01ALLIANCE_UW)99162700469501452</marc:subfield>
        </marc:datafield>
        <marc:datafield tag="037" ind1=" " ind2=" ">
            <marc:subfield code="a">9781663729095</marc:subfield>
            <marc:subfield code="b">O'Reilly Media</marc:subfield>
        </marc:datafield>
        <marc:datafield tag="037" ind1=" " ind2=" ">
            <marc:subfield code="a">438B29B9-F649-431E-AA4A-DDEA130991D8</marc:subfield>
            <marc:subfield code="b">OverDrive, Inc.</marc:subfield>
            <marc:subfield code="n">http://www.overdrive.com</marc:subfield>
        </marc:datafield>
        <marc:datafield tag="040" ind1=" " ind2=" ">
            <marc:subfield code="a">ORMDA</marc:subfield>
            <marc:subfield code="b">eng</marc:subfield>
            <marc:subfield code="e">rda</marc:subfield>
            <marc:subfield code="e">pn</marc:subfield>
            <marc:subfield code="c">ORMDA</marc:subfield>
            <marc:subfield code="d">OCLCF</marc:subfield>
            <marc:subfield code="d">TEFOD</marc:subfield>
            <marc:subfield code="d">OCLCO</marc:subfield>
            <marc:subfield code="d">OCLCA</marc:subfield>
        </marc:datafield>
        <marc:datafield tag="049" ind1=" " ind2=" ">
            <marc:subfield code="a">MAIN</marc:subfield>
        </marc:datafield>
        <marc:datafield tag="050" ind1=" " ind2="4">
            <marc:subfield code="a">HG221</marc:subfield>
        </marc:datafield>
        <marc:datafield tag="082" ind1="0" ind2="4">
            <marc:subfield code="a">332.4</marc:subfield>
            <marc:subfield code="2">23/eng/20230620</marc:subfield>
        </marc:datafield>
        <marc:datafield tag="100" ind1="1" ind2=" ">
            <marc:subfield code="a">Sheard, Paul,</marc:subfield>
            <marc:subfield code="d">1954-</marc:subfield>
            <marc:subfield code="e">author.</marc:subfield>
        </marc:datafield>
        <marc:datafield tag="245" ind1="1" ind2="4">
            <marc:subfield code="a">The power of money :</marc:subfield>
            <marc:subfield code="b">how governments and banks create money and help us all prosper /</marc:subfield>
            <marc:subfield code="c">Paul Sheard.</marc:subfield>
        </marc:datafield>
        <marc:datafield tag="250" ind1=" " ind2=" ">
            <marc:subfield code="a">[First edition].</marc:subfield>
        </marc:datafield>
        <marc:datafield tag="264" ind1=" " ind2="1">
            <marc:subfield code="a">[Place of publication not identified] :</marc:subfield>
            <marc:subfield code="b">Ascent Audio,</marc:subfield>
            <marc:subfield code="c">2023.</marc:subfield>
        </marc:datafield>
        <marc:datafield tag="300" ind1=" " ind2=" ">
            <marc:subfield code="a">1 online resource (1 audio file (9 hr., 25 min.))</marc:subfield>
        </marc:datafield>
        <marc:datafield tag="306" ind1=" " ind2=" ">
            <marc:subfield code="a">092500</marc:subfield>
        </marc:datafield>
        <marc:datafield tag="336" ind1=" " ind2=" ">
            <marc:subfield code="a">spoken word</marc:subfield>
            <marc:subfield code="b">spw</marc:subfield>
            <marc:subfield code="2">rdacontent</marc:subfield>
        </marc:datafield>
        <marc:datafield tag="337" ind1=" " ind2=" ">
            <marc:subfield code="a">computer</marc:subfield>
            <marc:subfield code="b">c</marc:subfield>
            <marc:subfield code="2">rdamedia</marc:subfield>
        </marc:datafield>
        <marc:datafield tag="338" ind1=" " ind2=" ">
            <marc:subfield code="a">online resource</marc:subfield>
            <marc:subfield code="b">cr</marc:subfield>
            <marc:subfield code="2">rdacarrier</marc:subfield>
        </marc:datafield>
        <marc:datafield tag="344" ind1=" " ind2=" ">
            <marc:subfield code="a">digital</marc:subfield>
            <marc:subfield code="2">rdatr</marc:subfield>
        </marc:datafield>
        <marc:datafield tag="347" ind1=" " ind2=" ">
            <marc:subfield code="a">audio file</marc:subfield>
            <marc:subfield code="2">rdaft</marc:subfield>
        </marc:datafield>
        <marc:datafield tag="511" ind1="0" ind2=" ">
            <marc:subfield code="a">Read by Michael Langan.</marc:subfield>
        </marc:datafield>
        <marc:datafield tag="520" ind1=" " ind2=" ">
            <marc:subfield code="a">Money issues dominate the news, but economic jargon and the complexity of it all can be bamboozling for regular folks. Paul Sheard, a leading economist and research fellow at Harvard Kennedy School, is known for his ability to see the forest and the trees and demystify complex economic phenomena. With The Power of Money, Sheard empowers listeners to become better-informed economic citizens by providing context for some of the biggest questions surrounding money, such as: How does money come into existence? How is the process of money printing governed, particularly if too much of it causes inflation? What is quantitative easing and how does it work? Does government debt ever have to be repaid, and is it really a burden on our grandchildren? Are financial crises bound to happen sometimes? Can the euro, a currency without a government, survive in its current form? Are proposed cures for economic inequality worse than the disease? What is the future of money-are cryptocurrencies going to upend the money system as we know it? Financial enthusiasts and non-specialists alike will be surprised by the answers to these questions. The Power of Money provides a comprehensive foundation of knowledge to help you feel better informed and more confident as you follow and engage in economic and financial affairs and policy debates.</marc:subfield>
        </marc:datafield>
        <marc:datafield tag="588" ind1="0" ind2=" ">
            <marc:subfield code="a">Online resource; title from title details screen (O'Reilly, viewed June 20, 2023).</marc:subfield>
        </marc:datafield>
        <marc:datafield tag="650" ind1=" " ind2="0">
            <marc:subfield code="a">Money.</marc:subfield>
        </marc:datafield>
        <marc:datafield tag="650" ind1=" " ind2="0">
            <marc:subfield code="a">Wealth.</marc:subfield>
        </marc:datafield>
        <marc:datafield tag="650" ind1=" " ind2="0">
            <marc:subfield code="a">Monetary policy.</marc:subfield>
        </marc:datafield>
        <marc:datafield tag="650" ind1=" " ind2="6">
            <marc:subfield code="a">Richesse.</marc:subfield>
        </marc:datafield>
        <marc:datafield tag="650" ind1=" " ind2="6">
            <marc:subfield code="a">Politique monétaire.</marc:subfield>
        </marc:datafield>
        <marc:datafield tag="650" ind1=" " ind2="7">
            <marc:subfield code="a">wealth.</marc:subfield>
            <marc:subfield code="2">aat</marc:subfield>
        </marc:datafield>
        <marc:datafield tag="650" ind1=" " ind2="7">
            <marc:subfield code="a">Monetary policy</marc:subfield>
            <marc:subfield code="2">fast</marc:subfield>
        </marc:datafield>
        <marc:datafield tag="650" ind1=" " ind2="7">
            <marc:subfield code="a">Money</marc:subfield>
            <marc:subfield code="2">fast</marc:subfield>
        </marc:datafield>
        <marc:datafield tag="650" ind1=" " ind2="7">
            <marc:subfield code="a">Wealth</marc:subfield>
            <marc:subfield code="2">fast</marc:subfield>
        </marc:datafield>
        <marc:datafield tag="655" ind1=" " ind2="7">
            <marc:subfield code="a">Audiobooks</marc:subfield>
            <marc:subfield code="2">fast</marc:subfield>
        </marc:datafield>
        <marc:datafield tag="655" ind1=" " ind2="7">
            <marc:subfield code="a">Audiobooks.</marc:subfield>
            <marc:subfield code="2">lcgft</marc:subfield>
        </marc:datafield>
        <marc:datafield tag="655" ind1=" " ind2="7">
            <marc:subfield code="a">Livres audio.</marc:subfield>
            <marc:subfield code="2">rvmgf</marc:subfield>
        </marc:datafield>
        <marc:datafield tag="700" ind1="1" ind2=" ">
            <marc:subfield code="a">Langan, Michael,</marc:subfield>
            <marc:subfield code="e">narrator.</marc:subfield>
        </marc:datafield>
        <marc:datafield tag="856" ind1="4" ind2="0">
            <marc:subfield code="3">O'Reilly Media</marc:subfield>
            <marc:subfield code="u">https://www.oreilly.com/library/view/-/9781663729095/</marc:subfield>
        </marc:datafield>
        <marc:datafield tag="856" ind1="4" ind2="0">
            <marc:subfield code="3">OverDrive</marc:subfield>
            <marc:subfield code="u">https://www.overdrive.com/search?q=438B29B9-F649-431E-AA4A-DDEA130991D8</marc:subfield>
        </marc:datafield>
        <marc:datafield tag="856" ind1="4" ind2=" ">
            <marc:subfield code="3">Image</marc:subfield>
            <marc:subfield code="u">https://www.oreilly.com/covers/urn:orm:audiobook:9781663729095/</marc:subfield>
        </marc:datafield>
        <marc:datafield tag="856" ind1="4" ind2=" ">
            <marc:subfield code="3">Excerpt</marc:subfield>
            <marc:subfield code="u">https://samples.overdrive.com/?crid=438b29b9-f649-431e-aa4a-ddea130991d8&amp;.epub-sample.overdrive.com</marc:subfield>
        </marc:datafield>
        <marc:datafield tag="856" ind1="4" ind2=" ">
            <marc:subfield code="3">Image</marc:subfield>
            <marc:subfield code="u">https://img1.od-cdn.com/ImageType-100/1088-1/{438B29B9-F649-431E-AA4A-DDEA130991D8}IMG100.JPG</marc:subfield>
        </marc:datafield>
        <marc:datafield tag="994" ind1=" " ind2=" ">
            <marc:subfield code="a">92</marc:subfield>
            <marc:subfield code="b">OCACL</marc:subfield>
        </marc:datafield>
    </marc:record>