
    <marc:record>
        <marc:leader>07572cgm a2201381 i 4500</marc:leader>
        <marc:controlfield tag="001">99128127150001452</marc:controlfield>
        <marc:controlfield tag="005">20240210213018.0</marc:controlfield>
        <marc:controlfield tag="007">vd cvaiz|</marc:controlfield>
        <marc:controlfield tag="008">100422s2010    ja 534            vljpn d</marc:controlfield>
        <marc:datafield tag="019" ind1=" " ind2=" ">
            <marc:subfield code="a">892338338</marc:subfield>
        </marc:datafield>
        <marc:datafield tag="024" ind1="3" ind2=" ">
            <marc:subfield code="a">4988066170096</marc:subfield>
            <marc:subfield code="q">(box set)</marc:subfield>
        </marc:datafield>
        <marc:datafield tag="024" ind1="3" ind2=" ">
            <marc:subfield code="a">4988066170058</marc:subfield>
            <marc:subfield code="q">(vol. 1)</marc:subfield>
        </marc:datafield>
        <marc:datafield tag="024" ind1="3" ind2=" ">
            <marc:subfield code="a">4988066170065</marc:subfield>
            <marc:subfield code="q">(vol. 2)</marc:subfield>
        </marc:datafield>
        <marc:datafield tag="024" ind1="3" ind2=" ">
            <marc:subfield code="a">4988066170072</marc:subfield>
            <marc:subfield code="q">(vol. 3)</marc:subfield>
        </marc:datafield>
        <marc:datafield tag="024" ind1="3" ind2=" ">
            <marc:subfield code="a">4988066170089</marc:subfield>
            <marc:subfield code="q">(vol. 4)</marc:subfield>
        </marc:datafield>
        <marc:datafield tag="028" ind1="4" ind2="0">
            <marc:subfield code="a">NSDX-14507</marc:subfield>
            <marc:subfield code="b">NHK</marc:subfield>
            <marc:subfield code="q">(box set)</marc:subfield>
        </marc:datafield>
        <marc:datafield tag="028" ind1="4" ind2="0">
            <marc:subfield code="a">NSDS-14503</marc:subfield>
            <marc:subfield code="b">NHK</marc:subfield>
            <marc:subfield code="q">(vol. 1)</marc:subfield>
        </marc:datafield>
        <marc:datafield tag="028" ind1="4" ind2="0">
            <marc:subfield code="a">NSDS-14504</marc:subfield>
            <marc:subfield code="b">NHK</marc:subfield>
            <marc:subfield code="q">(vol. 2)</marc:subfield>
        </marc:datafield>
        <marc:datafield tag="028" ind1="4" ind2="0">
            <marc:subfield code="a">NSDS-14505</marc:subfield>
            <marc:subfield code="b">NHK</marc:subfield>
            <marc:subfield code="q">(vol. 3)</marc:subfield>
        </marc:datafield>
        <marc:datafield tag="028" ind1="4" ind2="0">
            <marc:subfield code="a">NSDS-14506</marc:subfield>
            <marc:subfield code="b">NHK</marc:subfield>
            <marc:subfield code="q">(vol. 4)</marc:subfield>
        </marc:datafield>
        <marc:datafield tag="035" ind1=" " ind2=" ">
            <marc:subfield code="a">(OCoLC)608528737</marc:subfield>
            <marc:subfield code="z">(OCoLC)892338338</marc:subfield>
        </marc:datafield>
        <marc:datafield tag="035" ind1=" " ind2=" ">
            <marc:subfield code="a">(OCoLC)ocn608528737</marc:subfield>
        </marc:datafield>
        <marc:datafield tag="035" ind1=" " ind2=" ">
            <marc:subfield code="a">(EXLNZ-01ALLIANCE_NETWORK)99159181020001451</marc:subfield>
        </marc:datafield>
        <marc:datafield tag="035" ind1=" " ind2=" ">
            <marc:subfield code="a">(01ALLIANCE_UW)99128127150001452</marc:subfield>
        </marc:datafield>
        <marc:datafield tag="040" ind1=" " ind2=" ">
            <marc:subfield code="a">WAU</marc:subfield>
            <marc:subfield code="b">eng</marc:subfield>
            <marc:subfield code="e">rda</marc:subfield>
            <marc:subfield code="c">WAU</marc:subfield>
            <marc:subfield code="d">WAU</marc:subfield>
            <marc:subfield code="d">OCLCA</marc:subfield>
            <marc:subfield code="d">WAU</marc:subfield>
            <marc:subfield code="d">TEF</marc:subfield>
            <marc:subfield code="d">WAU</marc:subfield>
            <marc:subfield code="d">OCLCA</marc:subfield>
            <marc:subfield code="d">OCLCF</marc:subfield>
            <marc:subfield code="d">NLGGC</marc:subfield>
            <marc:subfield code="d">OCL</marc:subfield>
            <marc:subfield code="d">OCLCA</marc:subfield>
            <marc:subfield code="d">OCL</marc:subfield>
            <marc:subfield code="d">OSU</marc:subfield>
            <marc:subfield code="d">OCL</marc:subfield>
            <marc:subfield code="d">OCLCQ</marc:subfield>
            <marc:subfield code="d">PAU</marc:subfield>
            <marc:subfield code="d">OCLCQ</marc:subfield>
            <marc:subfield code="d">WCM</marc:subfield>
            <marc:subfield code="d">L2U</marc:subfield>
            <marc:subfield code="d">OCLCA</marc:subfield>
            <marc:subfield code="d">OCL</marc:subfield>
            <marc:subfield code="d">OCLCO</marc:subfield>
            <marc:subfield code="d">OCLCQ</marc:subfield>
            <marc:subfield code="d">OCLCL</marc:subfield>
        </marc:datafield>
        <marc:datafield tag="041" ind1="1" ind2=" ">
            <marc:subfield code="a">jpn</marc:subfield>
            <marc:subfield code="j">eng</marc:subfield>
            <marc:subfield code="j">jpn</marc:subfield>
            <marc:subfield code="h">jpn</marc:subfield>
        </marc:datafield>
        <marc:datafield tag="043" ind1=" " ind2=" ">
            <marc:subfield code="a">a-ja---</marc:subfield>
        </marc:datafield>
        <marc:datafield tag="049" ind1=" " ind2=" ">
            <marc:subfield code="a">MAIN</marc:subfield>
        </marc:datafield>
        <marc:datafield tag="050" ind1=" " ind2="4">
            <marc:subfield code="a">PN2924.5.K3</marc:subfield>
            <marc:subfield code="b">Y67 2010 DVD</marc:subfield>
        </marc:datafield>
        <marc:datafield tag="066" ind1=" " ind2=" ">
            <marc:subfield code="c">$1</marc:subfield>
        </marc:datafield>
        <marc:datafield tag="245" ind1="0" ind2="0">
            <marc:subfield code="6">880-01</marc:subfield>
            <marc:subfield code="a">Yoshitsune senbon-zakura.</marc:subfield>
        </marc:datafield>
        <marc:datafield tag="880" ind1="0" ind2="0">
            <marc:subfield code="6">245-01/$1</marc:subfield>
            <marc:subfield code="a">義経千本桜.</marc:subfield>
        </marc:datafield>
        <marc:datafield tag="246" ind1="3" ind2=" ">
            <marc:subfield code="a">Yoshitsune senbonzakura</marc:subfield>
        </marc:datafield>
        <marc:datafield tag="246" ind1="1" ind2=" ">
            <marc:subfield code="6">880-02</marc:subfield>
            <marc:subfield code="i">Subtitle on container:</marc:subfield>
            <marc:subfield code="a">Ningyō jōruri bunraku meienshū Tōshi kyōgen</marc:subfield>
        </marc:datafield>
        <marc:datafield tag="880" ind1="1" ind2=" ">
            <marc:subfield code="6">246-02/$1</marc:subfield>
            <marc:subfield code="i">Subtitle on container:</marc:subfield>
            <marc:subfield code="a">人形浄瑠璃文楽名演集 通し狂言</marc:subfield>
        </marc:datafield>
        <marc:datafield tag="246" ind1="1" ind2=" ">
            <marc:subfield code="i">English parallel title on container and menu:</marc:subfield>
            <marc:subfield code="a">Yoshitsune and the thousand cherry trees</marc:subfield>
        </marc:datafield>
        <marc:datafield tag="257" ind1=" " ind2=" ">
            <marc:subfield code="a">Japan</marc:subfield>
            <marc:subfield code="2">naf</marc:subfield>
        </marc:datafield>
        <marc:datafield tag="264" ind1=" " ind2="1">
            <marc:subfield code="6">880-03</marc:subfield>
            <marc:subfield code="a">[Tokyo] :</marc:subfield>
            <marc:subfield code="b">NHK Entā Puraizu,</marc:subfield>
            <marc:subfield code="c">[2010]</marc:subfield>
        </marc:datafield>
        <marc:datafield tag="880" ind1=" " ind2="1">
            <marc:subfield code="6">264-03/$1</marc:subfield>
            <marc:subfield code="a">[東京] :</marc:subfield>
            <marc:subfield code="b">NHK エンタープライズ,</marc:subfield>
            <marc:subfield code="c">2010.</marc:subfield>
        </marc:datafield>
        <marc:datafield tag="300" ind1=" " ind2=" ">
            <marc:subfield code="a">4 videodiscs (approximately 534 min.) :</marc:subfield>
            <marc:subfield code="b">sound, color ;</marc:subfield>
            <marc:subfield code="c">4 3/4 in. +</marc:subfield>
            <marc:subfield code="e">1 volume (83 pages).</marc:subfield>
        </marc:datafield>
        <marc:datafield tag="336" ind1=" " ind2=" ">
            <marc:subfield code="a">two-dimensional moving image</marc:subfield>
            <marc:subfield code="b">tdi</marc:subfield>
            <marc:subfield code="2">rdacontent</marc:subfield>
        </marc:datafield>
        <marc:datafield tag="337" ind1=" " ind2=" ">
            <marc:subfield code="a">video</marc:subfield>
            <marc:subfield code="b">v</marc:subfield>
            <marc:subfield code="2">rdamedia</marc:subfield>
        </marc:datafield>
        <marc:datafield tag="338" ind1=" " ind2=" ">
            <marc:subfield code="a">videodisc</marc:subfield>
            <marc:subfield code="b">vd</marc:subfield>
            <marc:subfield code="2">rdacarrier</marc:subfield>
        </marc:datafield>
        <marc:datafield tag="340" ind1=" " ind2=" ">
            <marc:subfield code="b">4 3/4 in.</marc:subfield>
            <marc:subfield code="2">rda</marc:subfield>
        </marc:datafield>
        <marc:datafield tag="340" ind1=" " ind2=" ">
            <marc:subfield code="d">stamping</marc:subfield>
            <marc:subfield code="2">rdapm</marc:subfield>
        </marc:datafield>
        <marc:datafield tag="346" ind1=" " ind2=" ">
            <marc:subfield code="b">NTSC</marc:subfield>
            <marc:subfield code="2">rdabs</marc:subfield>
        </marc:datafield>
        <marc:datafield tag="347" ind1=" " ind2=" ">
            <marc:subfield code="a">video file</marc:subfield>
            <marc:subfield code="2">rdaft</marc:subfield>
        </marc:datafield>
        <marc:datafield tag="347" ind1=" " ind2=" ">
            <marc:subfield code="b">DVD video</marc:subfield>
        </marc:datafield>
        <marc:datafield tag="347" ind1=" " ind2=" ">
            <marc:subfield code="e">all regions</marc:subfield>
            <marc:subfield code="2">rdare</marc:subfield>
        </marc:datafield>
        <marc:datafield tag="490" ind1="1" ind2=" ">
            <marc:subfield code="6">880-04</marc:subfield>
            <marc:subfield code="a">Ningyō jōruri bunraku meienshū tōshi kyōgen</marc:subfield>
        </marc:datafield>
        <marc:datafield tag="880" ind1="1" ind2=" ">
            <marc:subfield code="6">490-04/$1</marc:subfield>
            <marc:subfield code="a">人形浄瑠璃文楽名演集 通し狂言</marc:subfield>
        </marc:datafield>
        <marc:datafield tag="538" ind1=" " ind2=" ">
            <marc:subfield code="a">DVD NTSC, all region.</marc:subfield>
        </marc:datafield>
        <marc:datafield tag="518" ind1=" " ind2=" ">
            <marc:subfield code="a">Recorded in either Kokuritsu Gekijō Shogekigyō or Kokuritsu Bunraku Gekijyō between 1984 and 1991.</marc:subfield>
        </marc:datafield>
        <marc:datafield tag="520" ind1=" " ind2=" ">
            <marc:subfield code="a">Set in the 12th century, this puppet play, written by Takeda Izumo, Miyoshi Shōraku, and Namiki Sōsuke in 1747, takes place following the Genpei War. The Heike clan has been defeated at several important battles and Lord Yoritomo, of the opposing Genji, has established himself as shogun. But his younger half-brother, Yoshitsune, has also been very successful in battle, causing Yoritomo to become bitterly jealous. Yoritomo therefore turns against Yoshitsune and determines to capture him, forcing Yoshitsune to run away in an attempt to escape his brother's men.</marc:subfield>
        </marc:datafield>
        <marc:datafield tag="500" ind1=" " ind2=" ">
            <marc:subfield code="a">Accompanying booklet in Japanese tells the story of the play.</marc:subfield>
        </marc:datafield>
        <marc:datafield tag="546" ind1=" " ind2=" ">
            <marc:subfield code="a">In Japanese with optional subtitles in Japanese and English.</marc:subfield>
        </marc:datafield>
        <marc:datafield tag="505" ind1="0" ind2=" ">
            <marc:subfield code="6">880-05</marc:subfield>
            <marc:subfield code="a">v. 1. Daijo Sentō gosho no dan ; Kitasaga no dan ; Horikawa gosho no dan -- v. 2. Fushimi Inari no dan ; Tokaiya, Daimotsunoura no dan -- v. 3. Shii no ki no dan ; Kokingo uchijini no dan ; Sushiya no dan -- v. 4. Michiyuki hatsune no tabi ; Kawatsura Hōgen yakata no dan ; Kawatsura Hōgen yakata okuniwa no dan ; tokuten eizō, Michiyuki hatsune no tabi (in b &amp; w).</marc:subfield>
        </marc:datafield>
        <marc:datafield tag="880" ind1="0" ind2=" ">
            <marc:subfield code="6">505-05/$1</marc:subfield>
            <marc:subfield code="a">v. 1. 大序 仙洞御所の段 ; 北嵯峨の段 ; 堀川御所の段 -- v. 2. 伏見稲荷の段 ; 渡海屋, 大物浦の段 -- v. 3. 椎の木の段 ; 小金吾討死の段 ; すしやの段 -- v. 4. 道行初音旅 -- 川連法眼舘の段 ; 川連法眼舘奥庭の段 ; 特典映像, 道行初音旅 (in b&amp;w).</marc:subfield>
        </marc:datafield>
        <marc:datafield tag="650" ind1=" " ind2="0">
            <marc:subfield code="6">880-08</marc:subfield>
            <marc:subfield code="a">Bunraku.</marc:subfield>
        </marc:datafield>
        <marc:datafield tag="880" ind1=" " ind2="7">
            <marc:subfield code="6">650-08/$1</marc:subfield>
            <marc:subfield code="a">人形劇</marc:subfield>
            <marc:subfield code="2">ndlsh</marc:subfield>
            <marc:subfield code="0">(JTNDL)00568515</marc:subfield>
        </marc:datafield>
        <marc:datafield tag="650" ind1=" " ind2="0">
            <marc:subfield code="a">Jōruri.</marc:subfield>
        </marc:datafield>
        <marc:datafield tag="650" ind1=" " ind2="0">
            <marc:subfield code="a">Puppet plays, Japanese.</marc:subfield>
        </marc:datafield>
        <marc:datafield tag="650" ind1=" " ind2="6">
            <marc:subfield code="a">Bunraku.</marc:subfield>
        </marc:datafield>
        <marc:datafield tag="650" ind1=" " ind2="6">
            <marc:subfield code="a">Jōruri.</marc:subfield>
        </marc:datafield>
        <marc:datafield tag="650" ind1=" " ind2="6">
            <marc:subfield code="a">Théâtre de marionnettes japonais.</marc:subfield>
        </marc:datafield>
        <marc:datafield tag="650" ind1=" " ind2="7">
            <marc:subfield code="a">Bunraku.</marc:subfield>
            <marc:subfield code="2">fast</marc:subfield>
            <marc:subfield code="0">(OCoLC)fst00841633</marc:subfield>
        </marc:datafield>
        <marc:datafield tag="650" ind1=" " ind2="7">
            <marc:subfield code="a">Jōruri.</marc:subfield>
            <marc:subfield code="2">fast</marc:subfield>
            <marc:subfield code="0">(OCoLC)fst00985527</marc:subfield>
        </marc:datafield>
        <marc:datafield tag="650" ind1=" " ind2="7">
            <marc:subfield code="a">Puppet plays, Japanese.</marc:subfield>
            <marc:subfield code="2">fast</marc:subfield>
            <marc:subfield code="0">(OCoLC)fst01084205</marc:subfield>
        </marc:datafield>
        <marc:datafield tag="651" ind1=" " ind2="0">
            <marc:subfield code="6">880-07</marc:subfield>
            <marc:subfield code="a">Japan</marc:subfield>
            <marc:subfield code="x">History</marc:subfield>
            <marc:subfield code="y">Kamakura period, 1185-1333</marc:subfield>
            <marc:subfield code="v">Drama.</marc:subfield>
        </marc:datafield>
        <marc:datafield tag="880" ind1=" " ind2="7">
            <marc:subfield code="6">651-07/$1</marc:subfield>
            <marc:subfield code="a">日本</marc:subfield>
            <marc:subfield code="2">ndlsh</marc:subfield>
            <marc:subfield code="0">(JTNDL)00568158</marc:subfield>
        </marc:datafield>
        <marc:datafield tag="651" ind1=" " ind2="7">
            <marc:subfield code="a">Japan.</marc:subfield>
            <marc:subfield code="2">fast</marc:subfield>
            <marc:subfield code="0">(OCoLC)fst01204082</marc:subfield>
            <marc:subfield code="1">https://id.oclc.org/worldcat/entity/E39PBJkT7GyCmyjxytDfqk6Yfq</marc:subfield>
        </marc:datafield>
        <marc:datafield tag="655" ind1=" " ind2="4">
            <marc:subfield code="a">Foreign language films</marc:subfield>
            <marc:subfield code="x">Japanese.</marc:subfield>
        </marc:datafield>
        <marc:datafield tag="655" ind1=" " ind2="7">
            <marc:subfield code="a">Puppet plays.</marc:subfield>
            <marc:subfield code="2">fast</marc:subfield>
            <marc:subfield code="0">(OCoLC)fst01922513</marc:subfield>
        </marc:datafield>
        <marc:datafield tag="655" ind1=" " ind2="7">
            <marc:subfield code="a">Drama.</marc:subfield>
            <marc:subfield code="2">fast</marc:subfield>
            <marc:subfield code="0">(OCoLC)fst01423879</marc:subfield>
        </marc:datafield>
        <marc:datafield tag="655" ind1=" " ind2="7">
            <marc:subfield code="a">Fiction films.</marc:subfield>
            <marc:subfield code="2">fast</marc:subfield>
            <marc:subfield code="0">(OCoLC)fst01710264</marc:subfield>
        </marc:datafield>
        <marc:datafield tag="655" ind1=" " ind2="7">
            <marc:subfield code="a">History.</marc:subfield>
            <marc:subfield code="2">fast</marc:subfield>
            <marc:subfield code="0">(OCoLC)fst01411628</marc:subfield>
        </marc:datafield>
        <marc:datafield tag="655" ind1=" " ind2="7">
            <marc:subfield code="6">880-12</marc:subfield>
            <marc:subfield code="a">Puppet plays.</marc:subfield>
            <marc:subfield code="2">lcgft</marc:subfield>
        </marc:datafield>
        <marc:datafield tag="880" ind1=" " ind2="7">
            <marc:subfield code="6">655-12/$1</marc:subfield>
            <marc:subfield code="a">歴史</marc:subfield>
            <marc:subfield code="2">ndlsh</marc:subfield>
            <marc:subfield code="0">(JTNDL)s00569368</marc:subfield>
        </marc:datafield>
        <marc:datafield tag="655" ind1=" " ind2="7">
            <marc:subfield code="a">Fiction films.</marc:subfield>
            <marc:subfield code="2">lcgft</marc:subfield>
        </marc:datafield>
        <marc:datafield tag="655" ind1=" " ind2="7">
            <marc:subfield code="a">Filmed puppet plays</marc:subfield>
            <marc:subfield code="z">Japan.</marc:subfield>
            <marc:subfield code="2">local</marc:subfield>
        </marc:datafield>
        <marc:datafield tag="655" ind1=" " ind2="7">
            <marc:subfield code="a">Foreign films.</marc:subfield>
            <marc:subfield code="2">local</marc:subfield>
        </marc:datafield>
        <marc:datafield tag="655" ind1=" " ind2="7">
            <marc:subfield code="a">Motion pictures</marc:subfield>
            <marc:subfield code="z">Japan.</marc:subfield>
            <marc:subfield code="2">local</marc:subfield>
        </marc:datafield>
        <marc:datafield tag="655" ind1=" " ind2="7">
            <marc:subfield code="a">Japanese language films.</marc:subfield>
            <marc:subfield code="2">local</marc:subfield>
        </marc:datafield>
        <marc:datafield tag="655" ind1=" " ind2="7">
            <marc:subfield code="a">Théâtre de marionnettes.</marc:subfield>
            <marc:subfield code="2">rvmgf</marc:subfield>
        </marc:datafield>
        <marc:datafield tag="655" ind1=" " ind2="7">
            <marc:subfield code="a">Films de fiction.</marc:subfield>
            <marc:subfield code="2">rvmgf</marc:subfield>
        </marc:datafield>
        <marc:datafield tag="600" ind1="1" ind2="0">
            <marc:subfield code="6">880-06</marc:subfield>
            <marc:subfield code="a">Minamoto, Yoshitsune,</marc:subfield>
            <marc:subfield code="d">1159-1189</marc:subfield>
            <marc:subfield code="v">Drama.</marc:subfield>
        </marc:datafield>
        <marc:datafield tag="880" ind1="1" ind2="4">
            <marc:subfield code="6">600-06/$1</marc:subfield>
            <marc:subfield code="a">源義経,</marc:subfield>
            <marc:subfield code="d">1159-1189</marc:subfield>
            <marc:subfield code="v">Drama.</marc:subfield>
        </marc:datafield>
        <marc:datafield tag="600" ind1="0" ind2="4">
            <marc:subfield code="6">880-09</marc:subfield>
            <marc:subfield code="a">Minamoto,</marc:subfield>
            <marc:subfield code="c">Yoshitsune,</marc:subfield>
            <marc:subfield code="d">1159-1189.</marc:subfield>
        </marc:datafield>
        <marc:datafield tag="880" ind1="1" ind2="4">
            <marc:subfield code="6">600-09/$1</marc:subfield>
            <marc:subfield code="a">源義経,</marc:subfield>
            <marc:subfield code="d">1159-1189.</marc:subfield>
        </marc:datafield>
        <marc:datafield tag="600" ind1="1" ind2="7">
            <marc:subfield code="a">Minamoto, Yoshitsune,</marc:subfield>
            <marc:subfield code="d">1159-1189.</marc:subfield>
            <marc:subfield code="2">fast</marc:subfield>
            <marc:subfield code="0">(OCoLC)fst00072269</marc:subfield>
            <marc:subfield code="1">https://id.oclc.org/worldcat/entity/E39PBJdgXTt9QbdgqfKcbGrrMP</marc:subfield>
        </marc:datafield>
        <marc:datafield tag="600" ind1="1" ind2="7">
            <marc:subfield code="6">880-10</marc:subfield>
            <marc:subfield code="a">Minamoto, Yoshitsune,</marc:subfield>
            <marc:subfield code="d">1159-1189.</marc:subfield>
            <marc:subfield code="0">(NL-LeOCL)381088979</marc:subfield>
            <marc:subfield code="2">nta</marc:subfield>
        </marc:datafield>
        <marc:datafield tag="880" ind1="1" ind2="4">
            <marc:subfield code="6">600-10/$1</marc:subfield>
            <marc:subfield code="a">源義経</marc:subfield>
            <marc:subfield code="d">1159-1189</marc:subfield>
        </marc:datafield>
        <marc:datafield tag="648" ind1=" " ind2="7">
            <marc:subfield code="6">880-11</marc:subfield>
            <marc:subfield code="a">1185-1333</marc:subfield>
            <marc:subfield code="2">fast</marc:subfield>
        </marc:datafield>
        <marc:datafield tag="880" ind1=" " ind2="7">
            <marc:subfield code="6">648-11/$1</marc:subfield>
            <marc:subfield code="a">鎌倉時代</marc:subfield>
            <marc:subfield code="2">ndlsh</marc:subfield>
        </marc:datafield>
        <marc:datafield tag="710" ind1="2" ind2=" ">
            <marc:subfield code="6">880-16</marc:subfield>
            <marc:subfield code="a">Kokuritsu Gekijō.</marc:subfield>
        </marc:datafield>
        <marc:datafield tag="880" ind1="2" ind2=" ">
            <marc:subfield code="6">710-16/$1</marc:subfield>
            <marc:subfield code="a">囯立劇場.</marc:subfield>
        </marc:datafield>
        <marc:datafield tag="710" ind1="2" ind2=" ">
            <marc:subfield code="6">880-17</marc:subfield>
            <marc:subfield code="a">Kokuritsu Bunraku Gekijō (Japan)</marc:subfield>
        </marc:datafield>
        <marc:datafield tag="880" ind1="2" ind2=" ">
            <marc:subfield code="6">710-17/$1</marc:subfield>
            <marc:subfield code="a">国立文楽劇場 (Japan)</marc:subfield>
        </marc:datafield>
        <marc:datafield tag="710" ind1="2" ind2=" ">
            <marc:subfield code="6">880-18</marc:subfield>
            <marc:subfield code="a">NHK Entāpuraizu,</marc:subfield>
            <marc:subfield code="e">issuing body.</marc:subfield>
        </marc:datafield>
        <marc:datafield tag="880" ind1="2" ind2=" ">
            <marc:subfield code="6">710-18/$1</marc:subfield>
            <marc:subfield code="a">NHK エンタープライズ,</marc:subfield>
            <marc:subfield code="e">issuing body.</marc:subfield>
        </marc:datafield>
        <marc:datafield tag="700" ind1="1" ind2=" ">
            <marc:subfield code="6">880-13</marc:subfield>
            <marc:subfield code="a">Takeda, Izumo,</marc:subfield>
            <marc:subfield code="d">1691-1756,</marc:subfield>
            <marc:subfield code="e">author.</marc:subfield>
            <marc:subfield code="1">https://id.oclc.org/worldcat/entity/E39PBJdWHVd6qdMvW6frkQX68C</marc:subfield>
        </marc:datafield>
        <marc:datafield tag="880" ind1="1" ind2=" ">
            <marc:subfield code="6">700-13/$1</marc:subfield>
            <marc:subfield code="a">竹田出雲,</marc:subfield>
            <marc:subfield code="d">1691-1756,</marc:subfield>
            <marc:subfield code="e">author.</marc:subfield>
        </marc:datafield>
        <marc:datafield tag="700" ind1="1" ind2=" ">
            <marc:subfield code="6">880-14</marc:subfield>
            <marc:subfield code="a">Miyoshi, Shōraku,</marc:subfield>
            <marc:subfield code="d">1696?-1772?,</marc:subfield>
            <marc:subfield code="e">author.</marc:subfield>
            <marc:subfield code="1">https://id.oclc.org/worldcat/entity/E39PCjqW4mktfGJ3f7ftgB8xcK</marc:subfield>
        </marc:datafield>
        <marc:datafield tag="880" ind1="1" ind2=" ">
            <marc:subfield code="6">700-14/$1</marc:subfield>
            <marc:subfield code="a">三好松洛,</marc:subfield>
            <marc:subfield code="d">1696?-1772?,</marc:subfield>
            <marc:subfield code="e">author.</marc:subfield>
        </marc:datafield>
        <marc:datafield tag="700" ind1="1" ind2=" ">
            <marc:subfield code="6">880-15</marc:subfield>
            <marc:subfield code="a">Namiki, Senryū,</marc:subfield>
            <marc:subfield code="d">1695-1751,</marc:subfield>
            <marc:subfield code="e">author.</marc:subfield>
            <marc:subfield code="1">https://id.oclc.org/worldcat/entity/E39PBJt8hj98xxrkDFXdY897HC</marc:subfield>
        </marc:datafield>
        <marc:datafield tag="880" ind1="1" ind2=" ">
            <marc:subfield code="6">700-15/$1</marc:subfield>
            <marc:subfield code="a">並木千柳,</marc:subfield>
            <marc:subfield code="d">1695-1751,</marc:subfield>
            <marc:subfield code="e">author.</marc:subfield>
        </marc:datafield>
        <marc:datafield tag="880" ind1=" " ind2=" ">
            <marc:subfield code="6">260-00/$1</marc:subfield>
            <marc:subfield code="a">[東京] :</marc:subfield>
            <marc:subfield code="b">NHK エンタープライズ,</marc:subfield>
            <marc:subfield code="c">2010.</marc:subfield>
        </marc:datafield>
        <marc:datafield tag="880" ind1="1" ind2="7">
            <marc:subfield code="6">600-00/$1</marc:subfield>
            <marc:subfield code="a">源, 義経,</marc:subfield>
            <marc:subfield code="d">1159-1189.</marc:subfield>
            <marc:subfield code="2">ndlsh</marc:subfield>
            <marc:subfield code="0">(JTNDL)00622842</marc:subfield>
        </marc:datafield>
        <marc:datafield tag="880" ind1=" " ind2="7">
            <marc:subfield code="6">650-00/$1</marc:subfield>
            <marc:subfield code="a">人形浄瑠璃</marc:subfield>
            <marc:subfield code="2">ndlsh</marc:subfield>
            <marc:subfield code="0">(JTNDL)00568516</marc:subfield>
        </marc:datafield>
        <marc:datafield tag="880" ind1=" " ind2="7">
            <marc:subfield code="6">650-00/$1</marc:subfield>
            <marc:subfield code="a">浄瑠璃</marc:subfield>
            <marc:subfield code="2">ndlsh</marc:subfield>
            <marc:subfield code="0">(JTNDL)00575035</marc:subfield>
        </marc:datafield>
        <marc:datafield tag="880" ind1=" " ind2="7">
            <marc:subfield code="6">655-00/$1</marc:subfield>
            <marc:subfield code="a">戯曲集</marc:subfield>
            <marc:subfield code="2">ndlsh</marc:subfield>
            <marc:subfield code="0">(JTNDL)k00944508</marc:subfield>
        </marc:datafield>
        <marc:datafield tag="880" ind1=" " ind2=" ">
            <marc:subfield code="6">758-00</marc:subfield>
            <marc:subfield code="i">has work:</marc:subfield>
            <marc:subfield code="a">義経千本桜 (MovingImage)</marc:subfield>
            <marc:subfield code="1">https://id.oclc.org/worldcat/entity/E39PCGyQmc8y6pwp9qHrVcdD4m</marc:subfield>
            <marc:subfield code="4">https://id.oclc.org/worldcat/ontology/hasWork</marc:subfield>
        </marc:datafield>
        <marc:datafield tag="830" ind1=" " ind2="0">
            <marc:subfield code="6">880-19</marc:subfield>
            <marc:subfield code="a">Ningyō jōruri bunraku meienshū.</marc:subfield>
            <marc:subfield code="p">Tōshi kyōgen.</marc:subfield>
        </marc:datafield>
        <marc:datafield tag="880" ind1=" " ind2="0">
            <marc:subfield code="6">830-19/$1</marc:subfield>
            <marc:subfield code="a">人形浄瑠璃文楽名演集.</marc:subfield>
            <marc:subfield code="p">通し狂言.</marc:subfield>
        </marc:datafield>
        <marc:datafield tag="973" ind1=" " ind2=" ">
            <marc:subfield code="a">dvd_videos</marc:subfield>
        </marc:datafield>
        <marc:datafield tag="977" ind1=" " ind2=" ">
            <marc:subfield code="a">cag/knp</marc:subfield>
            <marc:subfield code="9">LOCAL</marc:subfield>
        </marc:datafield>
        <marc:datafield tag="978" ind1=" " ind2=" ">
            <marc:subfield code="a">.b63523152</marc:subfield>
            <marc:subfield code="9">LOCAL</marc:subfield>
        </marc:datafield>
        <marc:datafield tag="994" ind1=" " ind2=" ">
            <marc:subfield code="a">92</marc:subfield>
            <marc:subfield code="b">OCACL</marc:subfield>
        </marc:datafield>
    </marc:record>