
    <marc:record>
        <marc:leader>09189cgm a2201309 i 4500</marc:leader>
        <marc:controlfield tag="001">99143225830001452</marc:controlfield>
        <marc:controlfield tag="005">20240921213021.0</marc:controlfield>
        <marc:controlfield tag="007">vd cvaizq</marc:controlfield>
        <marc:controlfield tag="008">100923p20102009cau127            vleng d</marc:controlfield>
        <marc:datafield tag="019" ind1=" " ind2=" ">
            <marc:subfield code="a">962215690</marc:subfield>
            <marc:subfield code="a">965584015</marc:subfield>
            <marc:subfield code="a">966358499</marc:subfield>
            <marc:subfield code="a">969071615</marc:subfield>
            <marc:subfield code="a">970963693</marc:subfield>
            <marc:subfield code="a">971909170</marc:subfield>
            <marc:subfield code="a">972699576</marc:subfield>
            <marc:subfield code="a">980993460</marc:subfield>
            <marc:subfield code="a">990379801</marc:subfield>
            <marc:subfield code="a">991970835</marc:subfield>
            <marc:subfield code="a">1001348870</marc:subfield>
            <marc:subfield code="a">1001862094</marc:subfield>
            <marc:subfield code="a">1002029222</marc:subfield>
            <marc:subfield code="a">1002866697</marc:subfield>
            <marc:subfield code="a">1003388142</marc:subfield>
            <marc:subfield code="a">1004876109</marc:subfield>
            <marc:subfield code="a">1010990624</marc:subfield>
            <marc:subfield code="a">1011806479</marc:subfield>
            <marc:subfield code="a">1014381529</marc:subfield>
            <marc:subfield code="a">1016126048</marc:subfield>
            <marc:subfield code="a">1019884457</marc:subfield>
            <marc:subfield code="a">1020442928</marc:subfield>
            <marc:subfield code="a">1021082408</marc:subfield>
            <marc:subfield code="a">1022896275</marc:subfield>
            <marc:subfield code="a">1029388174</marc:subfield>
            <marc:subfield code="a">1031555720</marc:subfield>
            <marc:subfield code="a">1031862921</marc:subfield>
            <marc:subfield code="a">1035101429</marc:subfield>
            <marc:subfield code="a">1037256407</marc:subfield>
            <marc:subfield code="a">1043488219</marc:subfield>
            <marc:subfield code="a">1049291015</marc:subfield>
            <marc:subfield code="a">1053841525</marc:subfield>
            <marc:subfield code="a">1054382068</marc:subfield>
            <marc:subfield code="a">1089533474</marc:subfield>
            <marc:subfield code="a">1099965114</marc:subfield>
            <marc:subfield code="a">1111782444</marc:subfield>
            <marc:subfield code="a">1117546749</marc:subfield>
            <marc:subfield code="a">1121658297</marc:subfield>
            <marc:subfield code="a">1126484441</marc:subfield>
            <marc:subfield code="a">1130081325</marc:subfield>
            <marc:subfield code="a">1134149553</marc:subfield>
            <marc:subfield code="a">1135259999</marc:subfield>
            <marc:subfield code="a">1140195110</marc:subfield>
            <marc:subfield code="a">1141757901</marc:subfield>
            <marc:subfield code="a">1143465671</marc:subfield>
            <marc:subfield code="a">1145704502</marc:subfield>
            <marc:subfield code="a">1157139860</marc:subfield>
            <marc:subfield code="a">1233076224</marc:subfield>
            <marc:subfield code="a">1250362945</marc:subfield>
            <marc:subfield code="a">1262057060</marc:subfield>
            <marc:subfield code="a">1290404679</marc:subfield>
            <marc:subfield code="a">1295224984</marc:subfield>
            <marc:subfield code="a">1299240182</marc:subfield>
        </marc:datafield>
        <marc:datafield tag="020" ind1=" " ind2=" ">
            <marc:subfield code="a">9786313898961</marc:subfield>
        </marc:datafield>
        <marc:datafield tag="020" ind1=" " ind2=" ">
            <marc:subfield code="a">6313898966</marc:subfield>
        </marc:datafield>
        <marc:datafield tag="024" ind1="1" ind2=" ">
            <marc:subfield code="a">043396350229</marc:subfield>
        </marc:datafield>
        <marc:datafield tag="024" ind1="7" ind2=" ">
            <marc:subfield code="a">00043396350229</marc:subfield>
            <marc:subfield code="2">gtin-14</marc:subfield>
        </marc:datafield>
        <marc:datafield tag="028" ind1="4" ind2="2">
            <marc:subfield code="a">35022</marc:subfield>
            <marc:subfield code="b">Sony Pictures Home Entertainment</marc:subfield>
        </marc:datafield>
        <marc:datafield tag="033" ind1="0" ind2="0">
            <marc:subfield code="a">2009----</marc:subfield>
        </marc:datafield>
        <marc:datafield tag="035" ind1=" " ind2=" ">
            <marc:subfield code="a">(OCoLC)665089371</marc:subfield>
            <marc:subfield code="z">(OCoLC)962215690</marc:subfield>
            <marc:subfield code="z">(OCoLC)965584015</marc:subfield>
            <marc:subfield code="z">(OCoLC)966358499</marc:subfield>
            <marc:subfield code="z">(OCoLC)969071615</marc:subfield>
            <marc:subfield code="z">(OCoLC)970963693</marc:subfield>
            <marc:subfield code="z">(OCoLC)971909170</marc:subfield>
            <marc:subfield code="z">(OCoLC)972699576</marc:subfield>
            <marc:subfield code="z">(OCoLC)980993460</marc:subfield>
            <marc:subfield code="z">(OCoLC)990379801</marc:subfield>
            <marc:subfield code="z">(OCoLC)991970835</marc:subfield>
            <marc:subfield code="z">(OCoLC)1001348870</marc:subfield>
            <marc:subfield code="z">(OCoLC)1001862094</marc:subfield>
            <marc:subfield code="z">(OCoLC)1002029222</marc:subfield>
            <marc:subfield code="z">(OCoLC)1002866697</marc:subfield>
            <marc:subfield code="z">(OCoLC)1003388142</marc:subfield>
            <marc:subfield code="z">(OCoLC)1004876109</marc:subfield>
            <marc:subfield code="z">(OCoLC)1010990624</marc:subfield>
            <marc:subfield code="z">(OCoLC)1011806479</marc:subfield>
            <marc:subfield code="z">(OCoLC)1014381529</marc:subfield>
            <marc:subfield code="z">(OCoLC)1016126048</marc:subfield>
            <marc:subfield code="z">(OCoLC)1019884457</marc:subfield>
            <marc:subfield code="z">(OCoLC)1020442928</marc:subfield>
            <marc:subfield code="z">(OCoLC)1021082408</marc:subfield>
            <marc:subfield code="z">(OCoLC)1022896275</marc:subfield>
            <marc:subfield code="z">(OCoLC)1029388174</marc:subfield>
            <marc:subfield code="z">(OCoLC)1031555720</marc:subfield>
            <marc:subfield code="z">(OCoLC)1031862921</marc:subfield>
            <marc:subfield code="z">(OCoLC)1035101429</marc:subfield>
            <marc:subfield code="z">(OCoLC)1037256407</marc:subfield>
            <marc:subfield code="z">(OCoLC)1043488219</marc:subfield>
            <marc:subfield code="z">(OCoLC)1049291015</marc:subfield>
            <marc:subfield code="z">(OCoLC)1053841525</marc:subfield>
            <marc:subfield code="z">(OCoLC)1054382068</marc:subfield>
            <marc:subfield code="z">(OCoLC)1089533474</marc:subfield>
            <marc:subfield code="z">(OCoLC)1099965114</marc:subfield>
            <marc:subfield code="z">(OCoLC)1111782444</marc:subfield>
            <marc:subfield code="z">(OCoLC)1117546749</marc:subfield>
            <marc:subfield code="z">(OCoLC)1121658297</marc:subfield>
            <marc:subfield code="z">(OCoLC)1126484441</marc:subfield>
            <marc:subfield code="z">(OCoLC)1130081325</marc:subfield>
            <marc:subfield code="z">(OCoLC)1134149553</marc:subfield>
            <marc:subfield code="z">(OCoLC)1135259999</marc:subfield>
            <marc:subfield code="z">(OCoLC)1140195110</marc:subfield>
            <marc:subfield code="z">(OCoLC)1141757901</marc:subfield>
            <marc:subfield code="z">(OCoLC)1143465671</marc:subfield>
            <marc:subfield code="z">(OCoLC)1145704502</marc:subfield>
            <marc:subfield code="z">(OCoLC)1157139860</marc:subfield>
            <marc:subfield code="z">(OCoLC)1233076224</marc:subfield>
            <marc:subfield code="z">(OCoLC)1250362945</marc:subfield>
            <marc:subfield code="z">(OCoLC)1262057060</marc:subfield>
            <marc:subfield code="z">(OCoLC)1290404679</marc:subfield>
            <marc:subfield code="z">(OCoLC)1295224984</marc:subfield>
            <marc:subfield code="z">(OCoLC)1299240182</marc:subfield>
        </marc:datafield>
        <marc:datafield tag="035" ind1=" " ind2=" ">
            <marc:subfield code="a">(OCoLC)ocn665089371</marc:subfield>
        </marc:datafield>
        <marc:datafield tag="035" ind1=" " ind2=" ">
            <marc:subfield code="a">(EXLNZ-01ALLIANCE_NETWORK)99148907180001451</marc:subfield>
        </marc:datafield>
        <marc:datafield tag="035" ind1=" " ind2=" ">
            <marc:subfield code="a">(01ALLIANCE_UW)99143225830001452</marc:subfield>
        </marc:datafield>
        <marc:datafield tag="037" ind1=" " ind2=" ">
            <marc:subfield code="b">Midwest Tape</marc:subfield>
            <marc:subfield code="n">http://www.midwesttapes.com</marc:subfield>
        </marc:datafield>
        <marc:datafield tag="040" ind1=" " ind2=" ">
            <marc:subfield code="a">TEFMT</marc:subfield>
            <marc:subfield code="b">eng</marc:subfield>
            <marc:subfield code="e">rda</marc:subfield>
            <marc:subfield code="c">TEFMT</marc:subfield>
            <marc:subfield code="d">BTCTA</marc:subfield>
            <marc:subfield code="d">TEF</marc:subfield>
            <marc:subfield code="d">EYP</marc:subfield>
            <marc:subfield code="d">MR0</marc:subfield>
            <marc:subfield code="d">EYP</marc:subfield>
            <marc:subfield code="d">FTL</marc:subfield>
            <marc:subfield code="d">VP@</marc:subfield>
            <marc:subfield code="d">WAU</marc:subfield>
            <marc:subfield code="d">OCLCA</marc:subfield>
            <marc:subfield code="d">OCLCQ</marc:subfield>
            <marc:subfield code="d">BDX</marc:subfield>
            <marc:subfield code="d">SINLB</marc:subfield>
            <marc:subfield code="d">OCLCO</marc:subfield>
            <marc:subfield code="d">TYC</marc:subfield>
            <marc:subfield code="d">OCLCA</marc:subfield>
            <marc:subfield code="d">OCLCF</marc:subfield>
            <marc:subfield code="d">OCLCA</marc:subfield>
            <marc:subfield code="d">NNF</marc:subfield>
            <marc:subfield code="d">OCLCO</marc:subfield>
            <marc:subfield code="d">OCL</marc:subfield>
            <marc:subfield code="d">OCLCO</marc:subfield>
            <marc:subfield code="d">OCLCQ</marc:subfield>
            <marc:subfield code="d">OCLCO</marc:subfield>
            <marc:subfield code="d">AW3</marc:subfield>
            <marc:subfield code="d">FEM</marc:subfield>
            <marc:subfield code="d">ITD</marc:subfield>
            <marc:subfield code="d">OCLCQ</marc:subfield>
            <marc:subfield code="d">OCLCO</marc:subfield>
            <marc:subfield code="d">SSP</marc:subfield>
            <marc:subfield code="d">LTP</marc:subfield>
            <marc:subfield code="d">IOU</marc:subfield>
            <marc:subfield code="d">KKX</marc:subfield>
            <marc:subfield code="d">MZ3</marc:subfield>
            <marc:subfield code="d">OCLCQ</marc:subfield>
            <marc:subfield code="d">OCLCO</marc:subfield>
            <marc:subfield code="d">QQ3</marc:subfield>
            <marc:subfield code="d">EYB</marc:subfield>
            <marc:subfield code="d">OCLCQ</marc:subfield>
            <marc:subfield code="d">TCJ</marc:subfield>
            <marc:subfield code="d">NJR</marc:subfield>
            <marc:subfield code="d">TFW</marc:subfield>
            <marc:subfield code="d">OCLCO</marc:subfield>
            <marc:subfield code="d">DKC</marc:subfield>
            <marc:subfield code="d">TL4</marc:subfield>
            <marc:subfield code="d">LKC</marc:subfield>
            <marc:subfield code="d">JX9</marc:subfield>
            <marc:subfield code="d">OCLCO</marc:subfield>
            <marc:subfield code="d">OCL</marc:subfield>
            <marc:subfield code="d">EHK</marc:subfield>
            <marc:subfield code="d">IOD</marc:subfield>
            <marc:subfield code="d">OCLCQ</marc:subfield>
            <marc:subfield code="d">OCLCA</marc:subfield>
            <marc:subfield code="d">OCLCO</marc:subfield>
            <marc:subfield code="d">OCLCL</marc:subfield>
            <marc:subfield code="d">OCLCQ</marc:subfield>
            <marc:subfield code="d">OCLCL</marc:subfield>
            <marc:subfield code="d">OCLCQ</marc:subfield>
        </marc:datafield>
        <marc:datafield tag="041" ind1="0" ind2=" ">
            <marc:subfield code="a">eng</marc:subfield>
            <marc:subfield code="j">eng</marc:subfield>
            <marc:subfield code="h">eng</marc:subfield>
        </marc:datafield>
        <marc:datafield tag="049" ind1=" " ind2=" ">
            <marc:subfield code="a">MAIN</marc:subfield>
        </marc:datafield>
        <marc:datafield tag="050" ind1=" " ind2="4">
            <marc:subfield code="a">PN1997.2</marc:subfield>
            <marc:subfield code="b">.M68 2010</marc:subfield>
        </marc:datafield>
        <marc:datafield tag="082" ind1="0" ind2="4">
            <marc:subfield code="a">791.43/72</marc:subfield>
            <marc:subfield code="2">22</marc:subfield>
        </marc:datafield>
        <marc:datafield tag="245" ind1="0" ind2="0">
            <marc:subfield code="a">Mother and child /</marc:subfield>
            <marc:subfield code="c">Sony Pictures Classics in association with Everest Entertainment present ; a Mockingbird Pictures production ; produced by Lisa Maria Falcone, Julie Lynn ; written and directed by Rodrigo García.</marc:subfield>
        </marc:datafield>
        <marc:datafield tag="257" ind1=" " ind2=" ">
            <marc:subfield code="a">United States ;</marc:subfield>
            <marc:subfield code="a">Spain.</marc:subfield>
        </marc:datafield>
        <marc:datafield tag="264" ind1=" " ind2="2">
            <marc:subfield code="a">Culver City, Calif. :</marc:subfield>
            <marc:subfield code="b">Sony Pictures Home Entertainment,</marc:subfield>
            <marc:subfield code="c">[2010]</marc:subfield>
        </marc:datafield>
        <marc:datafield tag="264" ind1=" " ind2="4">
            <marc:subfield code="c">©2010</marc:subfield>
        </marc:datafield>
        <marc:datafield tag="300" ind1=" " ind2=" ">
            <marc:subfield code="a">1 videodisc (127 min.) :</marc:subfield>
            <marc:subfield code="b">sound, color ;</marc:subfield>
            <marc:subfield code="c">4 3/4 in.</marc:subfield>
        </marc:datafield>
        <marc:datafield tag="336" ind1=" " ind2=" ">
            <marc:subfield code="a">two-dimensional moving image</marc:subfield>
            <marc:subfield code="b">tdi</marc:subfield>
            <marc:subfield code="2">rdacontent</marc:subfield>
        </marc:datafield>
        <marc:datafield tag="337" ind1=" " ind2=" ">
            <marc:subfield code="a">video</marc:subfield>
            <marc:subfield code="b">v</marc:subfield>
            <marc:subfield code="2">rdamedia</marc:subfield>
        </marc:datafield>
        <marc:datafield tag="338" ind1=" " ind2=" ">
            <marc:subfield code="a">videodisc</marc:subfield>
            <marc:subfield code="b">vd</marc:subfield>
            <marc:subfield code="2">rdacarrier</marc:subfield>
        </marc:datafield>
        <marc:datafield tag="344" ind1=" " ind2=" ">
            <marc:subfield code="a">digital</marc:subfield>
            <marc:subfield code="b">optical</marc:subfield>
            <marc:subfield code="g">surround</marc:subfield>
            <marc:subfield code="h">Dolby Digital 5.1</marc:subfield>
            <marc:subfield code="2">rda</marc:subfield>
        </marc:datafield>
        <marc:datafield tag="347" ind1=" " ind2=" ">
            <marc:subfield code="a">video file</marc:subfield>
            <marc:subfield code="b">DVD video</marc:subfield>
            <marc:subfield code="e">region 1</marc:subfield>
            <marc:subfield code="2">rda</marc:subfield>
        </marc:datafield>
        <marc:datafield tag="511" ind1="1" ind2=" ">
            <marc:subfield code="a">Annette Bening, Jimmy Smits, Kerry Washington, Naomi Watts, Samuel L. Jackson, S. Epatha Merkerson, Cherry Jones, Elpidia Carrillo, Shareeka Epps, David Morse, Eileen Ryan, Amy Brenneman, David Ramsey, Britt Robertson, LisaGay Hamilton, Elizabeth Peña, Marc Blucas, Carla Gallo, Gloria Garayua, Tatyanna Ali, Simone Lopez, Lawrence Pressman, LaTanya Richardson, Michael Warren.</marc:subfield>
        </marc:datafield>
        <marc:datafield tag="538" ind1=" " ind2=" ">
            <marc:subfield code="a">DVD ; NTSC, anamorphic widescreen (2.35:1) ; Dolby Digital 5.1.</marc:subfield>
        </marc:datafield>
        <marc:datafield tag="520" ind1=" " ind2=" ">
            <marc:subfield code="a">Three women's lives share a common core. They have all been profoundly affected by adoption. At age fourteen, Karen placed a baby for adoption, and has been haunted ever since by the daughter she never knew. Elizabeth grew up as an adopted child. Even though she is a bright and ambitious lawyer, she is a flinty loner in her personal life. Lucy and her husband are just embarking on the adoption odyssey, hoping for the opportunity to become parents.</marc:subfield>
        </marc:datafield>
        <marc:datafield tag="521" ind1="8" ind2=" ">
            <marc:subfield code="a">Board of Film Censors, Singapore: M18.</marc:subfield>
        </marc:datafield>
        <marc:datafield tag="521" ind1="8" ind2=" ">
            <marc:subfield code="a">MPAA rating: R; for sexuality, brief nudity, and language.</marc:subfield>
        </marc:datafield>
        <marc:datafield tag="500" ind1=" " ind2=" ">
            <marc:subfield code="a">DVD release of the 2009 motion picture.</marc:subfield>
        </marc:datafield>
        <marc:datafield tag="500" ind1=" " ind2=" ">
            <marc:subfield code="a">Special features: deleted scenes; Creating the family tree; Universally connected, cast and crew discuss the universal themes in the film.</marc:subfield>
        </marc:datafield>
        <marc:datafield tag="546" ind1=" " ind2=" ">
            <marc:subfield code="a">In English, with optional English subtitles for the deaf and hard of hearing.</marc:subfield>
        </marc:datafield>
        <marc:datafield tag="508" ind1=" " ind2=" ">
            <marc:subfield code="a">Music by Edward Shearmur ; editor, Steven Weisberg ; director of photography, Xavier Pérez Grobet ; production designer, Christopher Tandon ; costume designer, Susie De Santo.</marc:subfield>
        </marc:datafield>
        <marc:datafield tag="650" ind1=" " ind2="0">
            <marc:subfield code="a">Adoption</marc:subfield>
            <marc:subfield code="v">Drama.</marc:subfield>
        </marc:datafield>
        <marc:datafield tag="650" ind1=" " ind2="0">
            <marc:subfield code="a">Adoptees</marc:subfield>
            <marc:subfield code="v">Drama.</marc:subfield>
        </marc:datafield>
        <marc:datafield tag="650" ind1=" " ind2="0">
            <marc:subfield code="a">Adoptive parents</marc:subfield>
            <marc:subfield code="v">Drama.</marc:subfield>
        </marc:datafield>
        <marc:datafield tag="650" ind1=" " ind2="0">
            <marc:subfield code="a">Birthmothers</marc:subfield>
            <marc:subfield code="v">Drama.</marc:subfield>
        </marc:datafield>
        <marc:datafield tag="650" ind1=" " ind2="0">
            <marc:subfield code="a">Mothers and daughters</marc:subfield>
            <marc:subfield code="v">Drama.</marc:subfield>
        </marc:datafield>
        <marc:datafield tag="650" ind1=" " ind2="1">
            <marc:subfield code="a">Parent and child</marc:subfield>
            <marc:subfield code="v">Drama.</marc:subfield>
        </marc:datafield>
        <marc:datafield tag="650" ind1=" " ind2="7">
            <marc:subfield code="a">Adoptees.</marc:subfield>
            <marc:subfield code="2">fast</marc:subfield>
            <marc:subfield code="0">(OCoLC)fst00797063</marc:subfield>
        </marc:datafield>
        <marc:datafield tag="650" ind1=" " ind2="7">
            <marc:subfield code="a">Adoption.</marc:subfield>
            <marc:subfield code="2">fast</marc:subfield>
            <marc:subfield code="0">(OCoLC)fst00797076</marc:subfield>
        </marc:datafield>
        <marc:datafield tag="650" ind1=" " ind2="7">
            <marc:subfield code="a">Adoptive parents.</marc:subfield>
            <marc:subfield code="2">fast</marc:subfield>
            <marc:subfield code="0">(OCoLC)fst00797131</marc:subfield>
        </marc:datafield>
        <marc:datafield tag="650" ind1=" " ind2="7">
            <marc:subfield code="a">Birthmothers.</marc:subfield>
            <marc:subfield code="2">fast</marc:subfield>
            <marc:subfield code="0">(OCoLC)fst00833291</marc:subfield>
        </marc:datafield>
        <marc:datafield tag="650" ind1=" " ind2="7">
            <marc:subfield code="a">Mothers and daughters.</marc:subfield>
            <marc:subfield code="2">fast</marc:subfield>
            <marc:subfield code="0">(OCoLC)fst01026997</marc:subfield>
        </marc:datafield>
        <marc:datafield tag="650" ind1=" " ind2="7">
            <marc:subfield code="a">Mother-daughter relationship</marc:subfield>
            <marc:subfield code="v">Drama.</marc:subfield>
            <marc:subfield code="2">sears</marc:subfield>
        </marc:datafield>
        <marc:datafield tag="655" ind1=" " ind2="0">
            <marc:subfield code="a">DVD-Video discs.</marc:subfield>
        </marc:datafield>
        <marc:datafield tag="655" ind1=" " ind2="4">
            <marc:subfield code="a">Melodramas (Motion pictures)</marc:subfield>
        </marc:datafield>
        <marc:datafield tag="655" ind1=" " ind2="4">
            <marc:subfield code="a">Fiction films.</marc:subfield>
        </marc:datafield>
        <marc:datafield tag="655" ind1=" " ind2="4">
            <marc:subfield code="a">Feature films.</marc:subfield>
        </marc:datafield>
        <marc:datafield tag="655" ind1=" " ind2="4">
            <marc:subfield code="a">Video recordings for the hearing impaired.</marc:subfield>
        </marc:datafield>
        <marc:datafield tag="655" ind1=" " ind2="7">
            <marc:subfield code="a">Video recordings for the hearing impaired.</marc:subfield>
            <marc:subfield code="2">fast</marc:subfield>
            <marc:subfield code="0">(OCoLC)fst01710450</marc:subfield>
        </marc:datafield>
        <marc:datafield tag="655" ind1=" " ind2="7">
            <marc:subfield code="a">Fiction films.</marc:subfield>
            <marc:subfield code="2">fast</marc:subfield>
            <marc:subfield code="0">(OCoLC)fst01710264</marc:subfield>
        </marc:datafield>
        <marc:datafield tag="655" ind1=" " ind2="7">
            <marc:subfield code="a">Feature films.</marc:subfield>
            <marc:subfield code="2">fast</marc:subfield>
            <marc:subfield code="0">(OCoLC)fst01710384</marc:subfield>
        </marc:datafield>
        <marc:datafield tag="655" ind1=" " ind2="7">
            <marc:subfield code="a">Drama.</marc:subfield>
            <marc:subfield code="2">fast</marc:subfield>
            <marc:subfield code="0">(OCoLC)fst01423879</marc:subfield>
        </marc:datafield>
        <marc:datafield tag="655" ind1=" " ind2="7">
            <marc:subfield code="a">Feature films.</marc:subfield>
            <marc:subfield code="2">gsafd</marc:subfield>
        </marc:datafield>
        <marc:datafield tag="655" ind1=" " ind2="7">
            <marc:subfield code="a">Fiction films.</marc:subfield>
            <marc:subfield code="2">lcgft</marc:subfield>
        </marc:datafield>
        <marc:datafield tag="655" ind1=" " ind2="7">
            <marc:subfield code="a">Feature films.</marc:subfield>
            <marc:subfield code="2">lcgft</marc:subfield>
        </marc:datafield>
        <marc:datafield tag="655" ind1=" " ind2="7">
            <marc:subfield code="a">Video recordings for the hearing impaired.</marc:subfield>
            <marc:subfield code="2">lcgft</marc:subfield>
        </marc:datafield>
        <marc:datafield tag="655" ind1=" " ind2="7">
            <marc:subfield code="a">Films de fiction.</marc:subfield>
            <marc:subfield code="2">rvmgf</marc:subfield>
        </marc:datafield>
        <marc:datafield tag="655" ind1=" " ind2="7">
            <marc:subfield code="a">Vidéos pour personnes handicapées auditives.</marc:subfield>
            <marc:subfield code="2">rvmgf</marc:subfield>
        </marc:datafield>
        <marc:datafield tag="710" ind1="2" ind2=" ">
            <marc:subfield code="a">Sony Pictures Classics (Firm),</marc:subfield>
            <marc:subfield code="e">presenter.</marc:subfield>
        </marc:datafield>
        <marc:datafield tag="710" ind1="2" ind2=" ">
            <marc:subfield code="a">Everest Entertainment (Firm),</marc:subfield>
            <marc:subfield code="e">presenter.</marc:subfield>
        </marc:datafield>
        <marc:datafield tag="710" ind1="2" ind2=" ">
            <marc:subfield code="a">Mockingbird Pictures,</marc:subfield>
            <marc:subfield code="e">production company.</marc:subfield>
        </marc:datafield>
        <marc:datafield tag="710" ind1="2" ind2=" ">
            <marc:subfield code="a">Sony Pictures Home Entertainment (Firm),</marc:subfield>
            <marc:subfield code="e">film distributor.</marc:subfield>
        </marc:datafield>
        <marc:datafield tag="700" ind1="1" ind2=" ">
            <marc:subfield code="a">García, Rodrigo,</marc:subfield>
            <marc:subfield code="d">1959-</marc:subfield>
            <marc:subfield code="e">screenwriter,</marc:subfield>
            <marc:subfield code="e">film director.</marc:subfield>
            <marc:subfield code="1">https://id.oclc.org/worldcat/entity/E39PBJt8hvh7r8BXYDbc4hbGHC</marc:subfield>
        </marc:datafield>
        <marc:datafield tag="700" ind1="1" ind2=" ">
            <marc:subfield code="a">Falcone, Lisa Maria,</marc:subfield>
            <marc:subfield code="e">film producer.</marc:subfield>
        </marc:datafield>
        <marc:datafield tag="700" ind1="1" ind2=" ">
            <marc:subfield code="a">Lynn, Julie,</marc:subfield>
            <marc:subfield code="e">film producer.</marc:subfield>
        </marc:datafield>
        <marc:datafield tag="700" ind1="1" ind2=" ">
            <marc:subfield code="a">Bening, Annette,</marc:subfield>
            <marc:subfield code="e">actor.</marc:subfield>
        </marc:datafield>
        <marc:datafield tag="700" ind1="1" ind2=" ">
            <marc:subfield code="a">Smits, Jimmy,</marc:subfield>
            <marc:subfield code="e">actor.</marc:subfield>
        </marc:datafield>
        <marc:datafield tag="700" ind1="1" ind2=" ">
            <marc:subfield code="a">Washington, Kerry,</marc:subfield>
            <marc:subfield code="d">1977-</marc:subfield>
            <marc:subfield code="e">actor.</marc:subfield>
            <marc:subfield code="1">https://id.oclc.org/worldcat/entity/E39PBJkHtfR4ByypmphhXQYByd</marc:subfield>
        </marc:datafield>
        <marc:datafield tag="700" ind1="1" ind2=" ">
            <marc:subfield code="a">Watts, Naomi,</marc:subfield>
            <marc:subfield code="d">1968-</marc:subfield>
            <marc:subfield code="e">actor.</marc:subfield>
            <marc:subfield code="1">https://id.oclc.org/worldcat/entity/E39PBJx4r7CvJRfBtp97R78DMP</marc:subfield>
        </marc:datafield>
        <marc:datafield tag="700" ind1="1" ind2=" ">
            <marc:subfield code="a">Jackson, Samuel L.,</marc:subfield>
            <marc:subfield code="e">actor.</marc:subfield>
        </marc:datafield>
        <marc:datafield tag="700" ind1="1" ind2=" ">
            <marc:subfield code="a">Merkerson, S. Epatha,</marc:subfield>
            <marc:subfield code="d">1952-</marc:subfield>
            <marc:subfield code="e">actor.</marc:subfield>
            <marc:subfield code="1">https://id.oclc.org/worldcat/entity/E39PBJgMC9RHQgwT8q4FPvjQv3</marc:subfield>
        </marc:datafield>
        <marc:datafield tag="700" ind1="1" ind2=" ">
            <marc:subfield code="a">Jones, Cherry,</marc:subfield>
            <marc:subfield code="d">1956-</marc:subfield>
            <marc:subfield code="e">actor.</marc:subfield>
            <marc:subfield code="1">https://id.oclc.org/worldcat/entity/E39PBJyhht6H68KJFG7DRKmcfq</marc:subfield>
        </marc:datafield>
        <marc:datafield tag="700" ind1="1" ind2=" ">
            <marc:subfield code="a">Carrillo, Elpidia,</marc:subfield>
            <marc:subfield code="e">actor.</marc:subfield>
        </marc:datafield>
        <marc:datafield tag="700" ind1="1" ind2=" ">
            <marc:subfield code="a">Epps, Shareeka,</marc:subfield>
            <marc:subfield code="e">actor.</marc:subfield>
        </marc:datafield>
        <marc:datafield tag="700" ind1="1" ind2=" ">
            <marc:subfield code="a">Morse, David,</marc:subfield>
            <marc:subfield code="d">1953-</marc:subfield>
            <marc:subfield code="e">actor.</marc:subfield>
            <marc:subfield code="1">https://id.oclc.org/worldcat/entity/E39PBJpPxTbQpBx6YbRPPqfXh3</marc:subfield>
        </marc:datafield>
        <marc:datafield tag="700" ind1="1" ind2=" ">
            <marc:subfield code="a">Ryan, Eileen,</marc:subfield>
            <marc:subfield code="e">actor.</marc:subfield>
        </marc:datafield>
        <marc:datafield tag="700" ind1="1" ind2=" ">
            <marc:subfield code="a">Brenneman, Amy,</marc:subfield>
            <marc:subfield code="e">actor.</marc:subfield>
        </marc:datafield>
        <marc:datafield tag="700" ind1="1" ind2=" ">
            <marc:subfield code="a">Ramsey, David,</marc:subfield>
            <marc:subfield code="e">actor.</marc:subfield>
        </marc:datafield>
        <marc:datafield tag="700" ind1="1" ind2=" ">
            <marc:subfield code="a">Robertson, Brittany,</marc:subfield>
            <marc:subfield code="e">actor.</marc:subfield>
        </marc:datafield>
        <marc:datafield tag="700" ind1="1" ind2=" ">
            <marc:subfield code="a">Hamilton, Lisa Gay,</marc:subfield>
            <marc:subfield code="d">1964-</marc:subfield>
            <marc:subfield code="e">actor.</marc:subfield>
            <marc:subfield code="1">https://id.oclc.org/worldcat/entity/E39PBJqqCyCkCy8MMmxBfRqvpP</marc:subfield>
        </marc:datafield>
        <marc:datafield tag="700" ind1="1" ind2=" ">
            <marc:subfield code="a">Peña, Elizabeth,</marc:subfield>
            <marc:subfield code="d">1959-2014,</marc:subfield>
            <marc:subfield code="e">actor.</marc:subfield>
            <marc:subfield code="1">https://id.oclc.org/worldcat/entity/E39PBJbttfGMVht8GvMkhR7bVC</marc:subfield>
        </marc:datafield>
        <marc:datafield tag="700" ind1="1" ind2=" ">
            <marc:subfield code="a">Blucas, Marc,</marc:subfield>
            <marc:subfield code="d">1972-</marc:subfield>
            <marc:subfield code="e">actor.</marc:subfield>
            <marc:subfield code="1">https://id.oclc.org/worldcat/entity/E39PBJkttMh4rwVcMmfyYWVKVC</marc:subfield>
        </marc:datafield>
        <marc:datafield tag="700" ind1="1" ind2=" ">
            <marc:subfield code="a">Gallo, Carla,</marc:subfield>
            <marc:subfield code="d">1975-</marc:subfield>
            <marc:subfield code="e">actor.</marc:subfield>
            <marc:subfield code="1">https://id.oclc.org/worldcat/entity/E39PBJyMhPx4PmwRtfwQxRgkDq</marc:subfield>
        </marc:datafield>
        <marc:datafield tag="700" ind1="1" ind2=" ">
            <marc:subfield code="a">Garayua, Gloria,</marc:subfield>
            <marc:subfield code="d">1978-</marc:subfield>
            <marc:subfield code="e">actor.</marc:subfield>
        </marc:datafield>
        <marc:datafield tag="700" ind1="1" ind2=" ">
            <marc:subfield code="a">Ali, Tatyana,</marc:subfield>
            <marc:subfield code="d">1979-</marc:subfield>
            <marc:subfield code="e">actor.</marc:subfield>
            <marc:subfield code="1">https://id.oclc.org/worldcat/entity/E39PBJyt4t3pBcdhTqFWP97vHC</marc:subfield>
        </marc:datafield>
        <marc:datafield tag="700" ind1="1" ind2=" ">
            <marc:subfield code="a">Lopez, Simone,</marc:subfield>
            <marc:subfield code="e">actor.</marc:subfield>
        </marc:datafield>
        <marc:datafield tag="700" ind1="1" ind2=" ">
            <marc:subfield code="a">Pressman, Lawrence,</marc:subfield>
            <marc:subfield code="e">actor.</marc:subfield>
        </marc:datafield>
        <marc:datafield tag="700" ind1="1" ind2=" ">
            <marc:subfield code="a">Richardson, LaTanya,</marc:subfield>
            <marc:subfield code="d">1949-</marc:subfield>
            <marc:subfield code="e">actor.</marc:subfield>
            <marc:subfield code="1">https://id.oclc.org/worldcat/entity/E39PBJcR6KDmfQDJGGqqmtDcyd</marc:subfield>
        </marc:datafield>
        <marc:datafield tag="700" ind1="1" ind2=" ">
            <marc:subfield code="a">Warren, Michael,</marc:subfield>
            <marc:subfield code="d">1946-</marc:subfield>
            <marc:subfield code="e">actor.</marc:subfield>
            <marc:subfield code="1">https://id.oclc.org/worldcat/entity/E39PBJcrbfft6Ct7RjfkRBpF8C</marc:subfield>
        </marc:datafield>
        <marc:datafield tag="700" ind1="1" ind2=" ">
            <marc:subfield code="a">Shearmur, Edward,</marc:subfield>
            <marc:subfield code="e">composer.</marc:subfield>
        </marc:datafield>
        <marc:datafield tag="700" ind1="1" ind2=" ">
            <marc:subfield code="a">Pérez Grobet, Xavier,</marc:subfield>
            <marc:subfield code="d">1964-</marc:subfield>
            <marc:subfield code="e">director of photography.</marc:subfield>
            <marc:subfield code="1">https://id.oclc.org/worldcat/entity/E39PBJqW43XKQkY3kYyTfPmyBP</marc:subfield>
        </marc:datafield>
        <marc:datafield tag="700" ind1="1" ind2=" ">
            <marc:subfield code="a">Weisberg, Steven,</marc:subfield>
            <marc:subfield code="e">editor of moving image work.</marc:subfield>
        </marc:datafield>
        <marc:datafield tag="700" ind1="1" ind2=" ">
            <marc:subfield code="a">Tandon, Christopher,</marc:subfield>
            <marc:subfield code="e">production designer.</marc:subfield>
        </marc:datafield>
        <marc:datafield tag="700" ind1="1" ind2=" ">
            <marc:subfield code="a">DeSanto, Susie,</marc:subfield>
            <marc:subfield code="e">costume designer.</marc:subfield>
        </marc:datafield>
        <marc:datafield tag="856" ind1="4" ind2=" ">
            <marc:subfield code="3">View cover art</marc:subfield>
            <marc:subfield code="u">http://midwesttapes.com/images/movies/col35022d.gif</marc:subfield>
        </marc:datafield>
        <marc:datafield tag="973" ind1=" " ind2=" ">
            <marc:subfield code="a">dvd_videos</marc:subfield>
        </marc:datafield>
        <marc:datafield tag="978" ind1=" " ind2=" ">
            <marc:subfield code="a">.b65550523</marc:subfield>
            <marc:subfield code="9">LOCAL</marc:subfield>
        </marc:datafield>
        <marc:datafield tag="994" ind1=" " ind2=" ">
            <marc:subfield code="a">92</marc:subfield>
            <marc:subfield code="b">OCACL</marc:subfield>
        </marc:datafield>
    </marc:record>