
    <marc:record>
        <marc:leader>04316cjm a2200805 a 4500</marc:leader>
        <marc:controlfield tag="001">99155918630001452</marc:controlfield>
        <marc:controlfield tag="005">20240617164722.0</marc:controlfield>
        <marc:controlfield tag="007">sd fmngnnmmnee</marc:controlfield>
        <marc:controlfield tag="008">120619r19911951nyumcnn  iz       n eng d</marc:controlfield>
        <marc:datafield tag="010" ind1=" " ind2=" ">
            <marc:subfield code="a">  2012620218</marc:subfield>
        </marc:datafield>
        <marc:datafield tag="019" ind1=" " ind2=" ">
            <marc:subfield code="a">52686453</marc:subfield>
        </marc:datafield>
        <marc:datafield tag="024" ind1="1" ind2=" ">
            <marc:subfield code="a">074644801422</marc:subfield>
        </marc:datafield>
        <marc:datafield tag="028" ind1="0" ind2="2">
            <marc:subfield code="a">SK 48014</marc:subfield>
            <marc:subfield code="b">Sony Broadway</marc:subfield>
        </marc:datafield>
        <marc:datafield tag="028" ind1="0" ind2="0">
            <marc:subfield code="a">OL 4405</marc:subfield>
            <marc:subfield code="b">Columbia</marc:subfield>
        </marc:datafield>
        <marc:datafield tag="033" ind1="1" ind2="0">
            <marc:subfield code="a">19510422</marc:subfield>
            <marc:subfield code="a">19510423</marc:subfield>
            <marc:subfield code="b">3804</marc:subfield>
            <marc:subfield code="c">N4</marc:subfield>
        </marc:datafield>
        <marc:datafield tag="033" ind1="1" ind2=" ">
            <marc:subfield code="a">19510422</marc:subfield>
            <marc:subfield code="a">19510423</marc:subfield>
            <marc:subfield code="b">3804</marc:subfield>
            <marc:subfield code="c">N4</marc:subfield>
        </marc:datafield>
        <marc:datafield tag="035" ind1=" " ind2=" ">
            <marc:subfield code="a">(OCoLC)25328785</marc:subfield>
            <marc:subfield code="z">(OCoLC)52686453</marc:subfield>
        </marc:datafield>
        <marc:datafield tag="035" ind1=" " ind2=" ">
            <marc:subfield code="a">(OCoLC)ocm25328785 </marc:subfield>
        </marc:datafield>
        <marc:datafield tag="035" ind1=" " ind2=" ">
            <marc:subfield code="a">(EXLNZ-01ALLIANCE_NETWORK)9996624330001451</marc:subfield>
        </marc:datafield>
        <marc:datafield tag="035" ind1=" " ind2=" ">
            <marc:subfield code="a">(01ALLIANCE_UW)99155918630001452</marc:subfield>
        </marc:datafield>
        <marc:datafield tag="040" ind1=" " ind2=" ">
            <marc:subfield code="a">IHE</marc:subfield>
            <marc:subfield code="b">eng</marc:subfield>
            <marc:subfield code="c">DLC</marc:subfield>
            <marc:subfield code="d">IHE</marc:subfield>
            <marc:subfield code="d">CNO</marc:subfield>
            <marc:subfield code="d">CPL</marc:subfield>
            <marc:subfield code="d">CSL</marc:subfield>
            <marc:subfield code="d">TEF</marc:subfield>
            <marc:subfield code="d">OCLCA</marc:subfield>
            <marc:subfield code="d">OCLCF</marc:subfield>
            <marc:subfield code="d">WAU</marc:subfield>
            <marc:subfield code="d">OCLCO</marc:subfield>
            <marc:subfield code="d">OCL</marc:subfield>
            <marc:subfield code="d">OCLCO</marc:subfield>
            <marc:subfield code="d">TFW</marc:subfield>
            <marc:subfield code="d">OCLCO</marc:subfield>
            <marc:subfield code="d">OCL</marc:subfield>
            <marc:subfield code="d">OCLCO</marc:subfield>
            <marc:subfield code="d">OCLCQ</marc:subfield>
            <marc:subfield code="d">OCLCO</marc:subfield>
            <marc:subfield code="d">OCLCQ</marc:subfield>
            <marc:subfield code="d">XOJ</marc:subfield>
            <marc:subfield code="d">OCLCA</marc:subfield>
            <marc:subfield code="d">OCLCO</marc:subfield>
            <marc:subfield code="d">APL</marc:subfield>
            <marc:subfield code="d">OCLCO</marc:subfield>
            <marc:subfield code="d">OCLCL</marc:subfield>
        </marc:datafield>
        <marc:datafield tag="041" ind1="0" ind2=" ">
            <marc:subfield code="d">eng</marc:subfield>
            <marc:subfield code="g">eng</marc:subfield>
            <marc:subfield code="g">fre</marc:subfield>
            <marc:subfield code="g">ger</marc:subfield>
            <marc:subfield code="g">ita</marc:subfield>
            <marc:subfield code="m">eng</marc:subfield>
        </marc:datafield>
        <marc:datafield tag="042" ind1=" " ind2=" ">
            <marc:subfield code="a">lccopycat</marc:subfield>
        </marc:datafield>
        <marc:datafield tag="043" ind1=" " ind2=" ">
            <marc:subfield code="a">n-us-ny</marc:subfield>
        </marc:datafield>
        <marc:datafield tag="049" ind1=" " ind2=" ">
            <marc:subfield code="a">MAIN</marc:subfield>
        </marc:datafield>
        <marc:datafield tag="050" ind1=" " ind2="4">
            <marc:subfield code="a">M1500.S43</marc:subfield>
            <marc:subfield code="b">T74 1991</marc:subfield>
        </marc:datafield>
        <marc:datafield tag="082" ind1="0" ind2="4">
            <marc:subfield code="a">782.14</marc:subfield>
            <marc:subfield code="2">21</marc:subfield>
        </marc:datafield>
        <marc:datafield tag="100" ind1="1" ind2=" ">
            <marc:subfield code="a">Schwartz, Arthur,</marc:subfield>
            <marc:subfield code="d">1900-1984.</marc:subfield>
            <marc:subfield code="1">https://id.oclc.org/worldcat/entity/E39PBJpv6XCjYYrHcPmJfhGbVC</marc:subfield>
        </marc:datafield>
        <marc:datafield tag="245" ind1="1" ind2="2">
            <marc:subfield code="a">A tree grows in Brooklyn :</marc:subfield>
            <marc:subfield code="b">original Broadway cast /</marc:subfield>
            <marc:subfield code="c">book by Betty Smith and George Abbott ; music by Arthur Schwartz ; lyrics by Dorothy Fields.</marc:subfield>
        </marc:datafield>
        <marc:datafield tag="260" ind1=" " ind2=" ">
            <marc:subfield code="a">New York, NY :</marc:subfield>
            <marc:subfield code="b">Sony Broadway,</marc:subfield>
            <marc:subfield code="c">[1991]</marc:subfield>
        </marc:datafield>
        <marc:datafield tag="300" ind1=" " ind2=" ">
            <marc:subfield code="a">1 audio disc (51 min.) :</marc:subfield>
            <marc:subfield code="b">digital, mono ;</marc:subfield>
            <marc:subfield code="c">4 3/4 in.</marc:subfield>
        </marc:datafield>
        <marc:datafield tag="306" ind1=" " ind2=" ">
            <marc:subfield code="a">005100</marc:subfield>
        </marc:datafield>
        <marc:datafield tag="336" ind1=" " ind2=" ">
            <marc:subfield code="a">performed music</marc:subfield>
            <marc:subfield code="b">prm</marc:subfield>
            <marc:subfield code="2">rdacontent</marc:subfield>
        </marc:datafield>
        <marc:datafield tag="337" ind1=" " ind2=" ">
            <marc:subfield code="a">audio</marc:subfield>
            <marc:subfield code="b">s</marc:subfield>
            <marc:subfield code="2">rdamedia</marc:subfield>
        </marc:datafield>
        <marc:datafield tag="338" ind1=" " ind2=" ">
            <marc:subfield code="a">audio disc</marc:subfield>
            <marc:subfield code="b">sd</marc:subfield>
            <marc:subfield code="2">rdacarrier</marc:subfield>
        </marc:datafield>
        <marc:datafield tag="511" ind1="0" ind2=" ">
            <marc:subfield code="a">Shirley Booth, Johnny Johnston, Marcia Van Dyke, Nathaniel Frey, vocals ; with supporting cast ; orchestra ; Max Goberman, conductor.</marc:subfield>
        </marc:datafield>
        <marc:datafield tag="518" ind1=" " ind2=" ">
            <marc:subfield code="a">Recorded Apr. 22-23, 1951, at CBS 30th Street Studio, New York City.</marc:subfield>
        </marc:datafield>
        <marc:datafield tag="500" ind1=" " ind2=" ">
            <marc:subfield code="a">Based on the novel by Betty Smith.</marc:subfield>
        </marc:datafield>
        <marc:datafield tag="500" ind1=" " ind2=" ">
            <marc:subfield code="a">Originally released as Columbia OL 4405.</marc:subfield>
        </marc:datafield>
        <marc:datafield tag="500" ind1=" " ind2=" ">
            <marc:subfield code="a">Compact disc.</marc:subfield>
        </marc:datafield>
        <marc:datafield tag="500" ind1=" " ind2=" ">
            <marc:subfield code="a">Program notes and synopsis by Ken Mandelbaum, in English with German, French, and Italian translations (48 p. : ill.) inserted in container.</marc:subfield>
        </marc:datafield>
        <marc:datafield tag="505" ind1="0" ind2="0">
            <marc:subfield code="t">Overture</marc:subfield>
            <marc:subfield code="g">(5:02) --</marc:subfield>
            <marc:subfield code="t">Payday</marc:subfield>
            <marc:subfield code="g">(3:27) ;</marc:subfield>
            <marc:subfield code="t">Mine 'til Monday --</marc:subfield>
            <marc:subfield code="t">Make the man love me</marc:subfield>
            <marc:subfield code="g">(3:25) --</marc:subfield>
            <marc:subfield code="t">I'm like a new broom</marc:subfield>
            <marc:subfield code="g">(2:52) --</marc:subfield>
            <marc:subfield code="t">Look who's dancing</marc:subfield>
            <marc:subfield code="g">(3:35) --</marc:subfield>
            <marc:subfield code="t">Love is the reason</marc:subfield>
            <marc:subfield code="g">(2:57) --</marc:subfield>
            <marc:subfield code="t">If you haven't got a sweetheart</marc:subfield>
            <marc:subfield code="g">(2:43) --</marc:subfield>
            <marc:subfield code="t">I'll buy you a star</marc:subfield>
            <marc:subfield code="g">(3:25) --</marc:subfield>
            <marc:subfield code="t">That's how it goes</marc:subfield>
            <marc:subfield code="g">(2:25) --</marc:subfield>
            <marc:subfield code="t">He had refinement</marc:subfield>
            <marc:subfield code="g">(3:55) --</marc:subfield>
            <marc:subfield code="t">Growing pains</marc:subfield>
            <marc:subfield code="g">(3:40) --</marc:subfield>
            <marc:subfield code="t">Is that my prince?</marc:subfield>
            <marc:subfield code="g">(1:43) --</marc:subfield>
            <marc:subfield code="t">Dance, Halloween interlude</marc:subfield>
            <marc:subfield code="g">(6:02) --</marc:subfield>
            <marc:subfield code="t">Don't be afraid</marc:subfield>
            <marc:subfield code="g">(1:46) --</marc:subfield>
            <marc:subfield code="g">Finale</marc:subfield>
            <marc:subfield code="g">(3:25).</marc:subfield>
        </marc:datafield>
        <marc:datafield tag="508" ind1=" " ind2=" ">
            <marc:subfield code="a">Producer: Goddard Lieberson.</marc:subfield>
        </marc:datafield>
        <marc:datafield tag="650" ind1=" " ind2="0">
            <marc:subfield code="a">Musicals.</marc:subfield>
        </marc:datafield>
        <marc:datafield tag="650" ind1=" " ind2="0">
            <marc:subfield code="a">Poor families</marc:subfield>
            <marc:subfield code="v">Drama.</marc:subfield>
        </marc:datafield>
        <marc:datafield tag="650" ind1=" " ind2="0">
            <marc:subfield code="a">Girls</marc:subfield>
            <marc:subfield code="v">Drama.</marc:subfield>
        </marc:datafield>
        <marc:datafield tag="650" ind1=" " ind2="7">
            <marc:subfield code="a">Girls.</marc:subfield>
            <marc:subfield code="2">fast</marc:subfield>
            <marc:subfield code="0">(OCoLC)fst00942866</marc:subfield>
        </marc:datafield>
        <marc:datafield tag="650" ind1=" " ind2="7">
            <marc:subfield code="a">Musicals.</marc:subfield>
            <marc:subfield code="2">fast</marc:subfield>
            <marc:subfield code="0">(OCoLC)fst01030814</marc:subfield>
        </marc:datafield>
        <marc:datafield tag="650" ind1=" " ind2="7">
            <marc:subfield code="a">Poor families.</marc:subfield>
            <marc:subfield code="2">fast</marc:subfield>
            <marc:subfield code="0">(OCoLC)fst01071206</marc:subfield>
        </marc:datafield>
        <marc:datafield tag="651" ind1=" " ind2="0">
            <marc:subfield code="a">Brooklyn (New York, N.Y.)</marc:subfield>
            <marc:subfield code="v">Drama.</marc:subfield>
        </marc:datafield>
        <marc:datafield tag="651" ind1=" " ind2="7">
            <marc:subfield code="a">New York (State)</marc:subfield>
            <marc:subfield code="z">New York</marc:subfield>
            <marc:subfield code="z">Brooklyn.</marc:subfield>
            <marc:subfield code="2">fast</marc:subfield>
            <marc:subfield code="0">(OCoLC)fst01312516</marc:subfield>
            <marc:subfield code="1">https://id.oclc.org/worldcat/entity/E39PBJpYy9jfQfrX8yKcDx83cP</marc:subfield>
        </marc:datafield>
        <marc:datafield tag="655" ind1=" " ind2="7">
            <marc:subfield code="a">Musicals</marc:subfield>
            <marc:subfield code="2">fast</marc:subfield>
            <marc:subfield code="0">(OCoLC)fst01726680</marc:subfield>
        </marc:datafield>
        <marc:datafield tag="655" ind1=" " ind2="7">
            <marc:subfield code="a">Original cast recordings.</marc:subfield>
            <marc:subfield code="2">fast</marc:subfield>
            <marc:subfield code="0">(OCoLC)fst01919889</marc:subfield>
        </marc:datafield>
        <marc:datafield tag="655" ind1=" " ind2="7">
            <marc:subfield code="a">Drama.</marc:subfield>
            <marc:subfield code="2">fast</marc:subfield>
            <marc:subfield code="0">(OCoLC)fst01423879</marc:subfield>
        </marc:datafield>
        <marc:datafield tag="655" ind1=" " ind2="7">
            <marc:subfield code="a">Musicals.</marc:subfield>
            <marc:subfield code="2">lcgft</marc:subfield>
        </marc:datafield>
        <marc:datafield tag="655" ind1=" " ind2="7">
            <marc:subfield code="a">Original cast recordings.</marc:subfield>
            <marc:subfield code="2">lcgft</marc:subfield>
        </marc:datafield>
        <marc:datafield tag="655" ind1=" " ind2="7">
            <marc:subfield code="a">Comédies musicales.</marc:subfield>
            <marc:subfield code="2">rvmgf</marc:subfield>
        </marc:datafield>
        <marc:datafield tag="655" ind1=" " ind2="7">
            <marc:subfield code="a">Enregistrements de la distribution originale.</marc:subfield>
            <marc:subfield code="2">rvmgf</marc:subfield>
        </marc:datafield>
        <marc:datafield tag="700" ind1="1" ind2=" ">
            <marc:subfield code="a">Smith, Betty,</marc:subfield>
            <marc:subfield code="d">1896-1972.</marc:subfield>
            <marc:subfield code="4">lbt</marc:subfield>
            <marc:subfield code="1">https://id.oclc.org/worldcat/entity/E39PBJcRcB3WVFCM4xTmjq7PwC</marc:subfield>
        </marc:datafield>
        <marc:datafield tag="700" ind1="1" ind2=" ">
            <marc:subfield code="a">Abbott, George,</marc:subfield>
            <marc:subfield code="d">1887-1995.</marc:subfield>
            <marc:subfield code="4">lbt</marc:subfield>
            <marc:subfield code="1">https://id.oclc.org/worldcat/entity/E39PBJyCGThYMVMtKm64rpFVG3</marc:subfield>
        </marc:datafield>
        <marc:datafield tag="700" ind1="1" ind2=" ">
            <marc:subfield code="a">Fields, Dorothy,</marc:subfield>
            <marc:subfield code="d">1905-1974.</marc:subfield>
            <marc:subfield code="4">lyr</marc:subfield>
            <marc:subfield code="1">https://id.oclc.org/worldcat/entity/E39PBJg8Dr8ffJC6Gx4G7tqvpP</marc:subfield>
        </marc:datafield>
        <marc:datafield tag="700" ind1="1" ind2=" ">
            <marc:subfield code="a">Booth, Shirley.</marc:subfield>
            <marc:subfield code="4">prf</marc:subfield>
        </marc:datafield>
        <marc:datafield tag="700" ind1="1" ind2=" ">
            <marc:subfield code="a">Johnston, Johnnie,</marc:subfield>
            <marc:subfield code="d">1915-1996.</marc:subfield>
            <marc:subfield code="4">prf</marc:subfield>
            <marc:subfield code="1">https://id.oclc.org/worldcat/entity/E39PBJgxqQByxwvyyQmqWCk4bd</marc:subfield>
        </marc:datafield>
        <marc:datafield tag="700" ind1="1" ind2=" ">
            <marc:subfield code="a">Van Dyke, Marcia,</marc:subfield>
            <marc:subfield code="d">1924-</marc:subfield>
            <marc:subfield code="4">prf</marc:subfield>
            <marc:subfield code="1">https://id.oclc.org/worldcat/entity/E39PCjtQ9VMJbKx4JhrVvx7QWP</marc:subfield>
        </marc:datafield>
        <marc:datafield tag="700" ind1="1" ind2=" ">
            <marc:subfield code="a">Frey, Nathaniel.</marc:subfield>
            <marc:subfield code="4">prf</marc:subfield>
        </marc:datafield>
        <marc:datafield tag="700" ind1="1" ind2=" ">
            <marc:subfield code="a">Goberman, Max,</marc:subfield>
            <marc:subfield code="d">1911-1962.</marc:subfield>
            <marc:subfield code="4">cnd</marc:subfield>
            <marc:subfield code="1">https://id.oclc.org/worldcat/entity/E39PBJw4GwQttqvMfWtRr8VQv3</marc:subfield>
        </marc:datafield>
        <marc:datafield tag="700" ind1="1" ind2=" ">
            <marc:subfield code="i">Musical theatre adaptation of (work):</marc:subfield>
            <marc:subfield code="a">Smith, Betty,</marc:subfield>
            <marc:subfield code="d">1896-1972.</marc:subfield>
            <marc:subfield code="t">Tree grows in Brooklyn.</marc:subfield>
        </marc:datafield>
        <marc:datafield tag="973" ind1=" " ind2=" ">
            <marc:subfield code="a">audio_CDs</marc:subfield>
        </marc:datafield>
        <marc:datafield tag="978" ind1=" " ind2=" ">
            <marc:subfield code="a">.b49705003</marc:subfield>
            <marc:subfield code="9">LOCAL</marc:subfield>
        </marc:datafield>
        <marc:datafield tag="994" ind1=" " ind2=" ">
            <marc:subfield code="a">92</marc:subfield>
            <marc:subfield code="b">OCACL</marc:subfield>
        </marc:datafield>
    </marc:record>