
    <marc:record>
        <marc:leader>04594crm a22008413i 4500</marc:leader>
        <marc:controlfield tag="001">99128012660001452</marc:controlfield>
        <marc:controlfield tag="005">20240128213016.0</marc:controlfield>
        <marc:controlfield tag="008">991005s1999    qucnnn            aneng  </marc:controlfield>
        <marc:datafield tag="020" ind1=" " ind2=" ">
            <marc:subfield code="a">2921751178</marc:subfield>
        </marc:datafield>
        <marc:datafield tag="020" ind1=" " ind2=" ">
            <marc:subfield code="a">9782921751179</marc:subfield>
        </marc:datafield>
        <marc:datafield tag="035" ind1=" " ind2=" ">
            <marc:subfield code="a">(OCoLC)43280202</marc:subfield>
        </marc:datafield>
        <marc:datafield tag="035" ind1=" " ind2=" ">
            <marc:subfield code="a">(OCoLC)ocm43280202 </marc:subfield>
        </marc:datafield>
        <marc:datafield tag="035" ind1=" " ind2=" ">
            <marc:subfield code="a">(EXLNZ-01ALLIANCE_NETWORK)99322129756001451</marc:subfield>
        </marc:datafield>
        <marc:datafield tag="035" ind1=" " ind2=" ">
            <marc:subfield code="a">(01ALLIANCE_UW)99128012660001452</marc:subfield>
        </marc:datafield>
        <marc:datafield tag="040" ind1=" " ind2=" ">
            <marc:subfield code="a">NLC</marc:subfield>
            <marc:subfield code="b">eng</marc:subfield>
            <marc:subfield code="e">rda</marc:subfield>
            <marc:subfield code="c">NLC</marc:subfield>
            <marc:subfield code="d">CLU</marc:subfield>
            <marc:subfield code="d">OCLCF</marc:subfield>
            <marc:subfield code="d">OCLCQ</marc:subfield>
            <marc:subfield code="d">OCLCO</marc:subfield>
            <marc:subfield code="d">OCLCQ</marc:subfield>
            <marc:subfield code="d">WAU</marc:subfield>
            <marc:subfield code="d">OCLCQ</marc:subfield>
            <marc:subfield code="d">CDNSB</marc:subfield>
            <marc:subfield code="d">OCL</marc:subfield>
            <marc:subfield code="d">OCLCO</marc:subfield>
            <marc:subfield code="d">OCLCL</marc:subfield>
        </marc:datafield>
        <marc:datafield tag="041" ind1="0" ind2=" ">
            <marc:subfield code="a">eng</marc:subfield>
            <marc:subfield code="a">fre</marc:subfield>
        </marc:datafield>
        <marc:datafield tag="043" ind1=" " ind2=" ">
            <marc:subfield code="a">e-fr---</marc:subfield>
        </marc:datafield>
        <marc:datafield tag="049" ind1=" " ind2=" ">
            <marc:subfield code="a">MAIN</marc:subfield>
        </marc:datafield>
        <marc:datafield tag="050" ind1="1" ind2="4">
            <marc:subfield code="a">N7433.4.F685</marc:subfield>
            <marc:subfield code="b">S59 1999</marc:subfield>
        </marc:datafield>
        <marc:datafield tag="055" ind1="0" ind2="2">
            <marc:subfield code="a">N7433.4*</marc:subfield>
        </marc:datafield>
        <marc:datafield tag="055" ind1="0" ind2="0">
            <marc:subfield code="a">N7433 .4 F68</marc:subfield>
            <marc:subfield code="b">S59 1999 xx.fol</marc:subfield>
        </marc:datafield>
        <marc:datafield tag="082" ind1="0" ind2="4">
            <marc:subfield code="a">709/.2</marc:subfield>
            <marc:subfield code="2">21</marc:subfield>
        </marc:datafield>
        <marc:datafield tag="100" ind1="1" ind2=" ">
            <marc:subfield code="a">Fournier, Jacques,</marc:subfield>
            <marc:subfield code="d">1950-</marc:subfield>
            <marc:subfield code="e">book artist.</marc:subfield>
            <marc:subfield code="1">https://id.oclc.org/worldcat/entity/E39PBJq6WXCGCxV4fq884pyPQq</marc:subfield>
        </marc:datafield>
        <marc:datafield tag="245" ind1="1" ind2="3">
            <marc:subfield code="a">Le 6 avril 1944 /</marc:subfield>
            <marc:subfield code="c">photographie originale de Edward Hillel ; et réalisation de Jacques Fournier.</marc:subfield>
        </marc:datafield>
        <marc:datafield tag="246" ind1="3" ind2=" ">
            <marc:subfield code="a">Six avril mil neuf cent quarante-quatre</marc:subfield>
        </marc:datafield>
        <marc:datafield tag="264" ind1=" " ind2="1">
            <marc:subfield code="a">[Montréal, Québec] :</marc:subfield>
            <marc:subfield code="b">Éditions Roselin,</marc:subfield>
            <marc:subfield code="c">1999.</marc:subfield>
        </marc:datafield>
        <marc:datafield tag="300" ind1=" " ind2=" ">
            <marc:subfield code="a">1 box :</marc:subfield>
            <marc:subfield code="b">illustration ;</marc:subfield>
            <marc:subfield code="c">17 x 25 x 10 cm</marc:subfield>
        </marc:datafield>
        <marc:datafield tag="336" ind1=" " ind2=" ">
            <marc:subfield code="a">text</marc:subfield>
            <marc:subfield code="b">txt</marc:subfield>
            <marc:subfield code="2">rdacontent</marc:subfield>
        </marc:datafield>
        <marc:datafield tag="336" ind1=" " ind2=" ">
            <marc:subfield code="a">still image</marc:subfield>
            <marc:subfield code="b">sti</marc:subfield>
            <marc:subfield code="2">rdacontent</marc:subfield>
        </marc:datafield>
        <marc:datafield tag="337" ind1=" " ind2=" ">
            <marc:subfield code="a">unmediated</marc:subfield>
            <marc:subfield code="b">n</marc:subfield>
            <marc:subfield code="2">rdamedia</marc:subfield>
        </marc:datafield>
        <marc:datafield tag="338" ind1=" " ind2=" ">
            <marc:subfield code="a">object</marc:subfield>
            <marc:subfield code="b">nr</marc:subfield>
            <marc:subfield code="2">rdamedia</marc:subfield>
        </marc:datafield>
        <marc:datafield tag="520" ind1=" " ind2=" ">
            <marc:subfield code="a">&quot;On April 6th 1944, forty-four Jewish children hiding in the village of Izieu (France) were arrested and deported to the death camps of Auschwitz. In their names and for the love, hope and innocence they inspire, we wage our resistance&quot;--Colophon.</marc:subfield>
        </marc:datafield>
        <marc:datafield tag="500" ind1=" " ind2=" ">
            <marc:subfield code="a">Title from case.</marc:subfield>
        </marc:datafield>
        <marc:datafield tag="500" ind1=" " ind2=" ">
            <marc:subfield code="a">Limited edition of 44 copies, numbered and signed by the artist and photographer.</marc:subfield>
        </marc:datafield>
        <marc:datafield tag="500" ind1=" " ind2=" ">
            <marc:subfield code="a">A black paper-covered boards box with a yellow paper-covered boards lid. The box has a photograph of a landscape attached to the bottom inside panel, showing distant mountains and the roofs of houses in the background, and two trees and a wire fence in the foreground. The inner side panels of the box are lined with silver, with the names and ages of the forty-four Jewish children arrested and deported to Auschwitz stamped in grey. The bottom inside panel of the box lid is letterpress printed with the colophon and publication information in grey, with the title stamped in blind on the top.</marc:subfield>
        </marc:datafield>
        <marc:datafield tag="546" ind1=" " ind2=" ">
            <marc:subfield code="a">Text in French and English.</marc:subfield>
        </marc:datafield>
        <marc:datafield tag="590" ind1=" " ind2=" ">
            <marc:subfield code="a">UW Libraries has limited edition copy 19/44.</marc:subfield>
            <marc:subfield code="9">local</marc:subfield>
        </marc:datafield>
        <marc:datafield tag="650" ind1=" " ind2="0">
            <marc:subfield code="a">Holocaust, Jewish (1939-1945), in art.</marc:subfield>
        </marc:datafield>
        <marc:datafield tag="650" ind1=" " ind2="0">
            <marc:subfield code="a">Holocaust, Jewish (1939-1945)</marc:subfield>
            <marc:subfield code="x">Children</marc:subfield>
            <marc:subfield code="z">France</marc:subfield>
            <marc:subfield code="z">Izieu.</marc:subfield>
        </marc:datafield>
        <marc:datafield tag="650" ind1=" " ind2="0">
            <marc:subfield code="a">Holocaust victims</marc:subfield>
            <marc:subfield code="z">France</marc:subfield>
            <marc:subfield code="z">Izieu</marc:subfield>
            <marc:subfield code="x">History.</marc:subfield>
        </marc:datafield>
        <marc:datafield tag="650" ind1=" " ind2="0">
            <marc:subfield code="a">Deported children</marc:subfield>
            <marc:subfield code="z">France</marc:subfield>
            <marc:subfield code="z">Izieu</marc:subfield>
            <marc:subfield code="x">History.</marc:subfield>
        </marc:datafield>
        <marc:datafield tag="650" ind1=" " ind2="0">
            <marc:subfield code="a">War in art.</marc:subfield>
        </marc:datafield>
        <marc:datafield tag="650" ind1=" " ind2="0">
            <marc:subfield code="a">Genocide in art.</marc:subfield>
        </marc:datafield>
        <marc:datafield tag="650" ind1=" " ind2="0">
            <marc:subfield code="a">Memorials in art.</marc:subfield>
        </marc:datafield>
        <marc:datafield tag="650" ind1=" " ind2="0">
            <marc:subfield code="a">Photography, Artistic</marc:subfield>
            <marc:subfield code="v">Specimens.</marc:subfield>
        </marc:datafield>
        <marc:datafield tag="650" ind1=" " ind2="0">
            <marc:subfield code="a">Artists' books</marc:subfield>
            <marc:subfield code="v">Specimens.</marc:subfield>
        </marc:datafield>
        <marc:datafield tag="650" ind1=" " ind2="6">
            <marc:subfield code="a">Holocauste, 1939-1945, dans l'art.</marc:subfield>
        </marc:datafield>
        <marc:datafield tag="650" ind1=" " ind2="6">
            <marc:subfield code="a">Holocauste, 1939-1945</marc:subfield>
            <marc:subfield code="x">Enfants</marc:subfield>
            <marc:subfield code="z">France</marc:subfield>
            <marc:subfield code="z">Izieu.</marc:subfield>
        </marc:datafield>
        <marc:datafield tag="650" ind1=" " ind2="6">
            <marc:subfield code="a">Victimes de l'Holocauste</marc:subfield>
            <marc:subfield code="z">France</marc:subfield>
            <marc:subfield code="z">Izieu</marc:subfield>
            <marc:subfield code="x">Histoire.</marc:subfield>
        </marc:datafield>
        <marc:datafield tag="650" ind1=" " ind2="6">
            <marc:subfield code="a">Guerre dans l'art.</marc:subfield>
        </marc:datafield>
        <marc:datafield tag="650" ind1=" " ind2="6">
            <marc:subfield code="a">Photographie artistique</marc:subfield>
            <marc:subfield code="v">Spécimens.</marc:subfield>
        </marc:datafield>
        <marc:datafield tag="650" ind1=" " ind2="6">
            <marc:subfield code="a">Livres d'artistes</marc:subfield>
            <marc:subfield code="v">Spécimens.</marc:subfield>
        </marc:datafield>
        <marc:datafield tag="650" ind1=" " ind2="7">
            <marc:subfield code="a">Artists' books.</marc:subfield>
            <marc:subfield code="2">fast</marc:subfield>
            <marc:subfield code="0">(OCoLC)fst00817660</marc:subfield>
        </marc:datafield>
        <marc:datafield tag="650" ind1=" " ind2="7">
            <marc:subfield code="a">Children.</marc:subfield>
            <marc:subfield code="2">fast</marc:subfield>
            <marc:subfield code="0">(OCoLC)fst00854835</marc:subfield>
        </marc:datafield>
        <marc:datafield tag="650" ind1=" " ind2="7">
            <marc:subfield code="a">Deported children.</marc:subfield>
            <marc:subfield code="2">fast</marc:subfield>
            <marc:subfield code="0">(OCoLC)fst01750056</marc:subfield>
        </marc:datafield>
        <marc:datafield tag="650" ind1=" " ind2="7">
            <marc:subfield code="a">Genocide in art.</marc:subfield>
            <marc:subfield code="2">fast</marc:subfield>
            <marc:subfield code="0">(OCoLC)fst00940223</marc:subfield>
        </marc:datafield>
        <marc:datafield tag="650" ind1=" " ind2="7">
            <marc:subfield code="a">Holocaust, Jewish (1939-1945) in art.</marc:subfield>
            <marc:subfield code="2">fast</marc:subfield>
            <marc:subfield code="0">(OCoLC)fst00958922</marc:subfield>
        </marc:datafield>
        <marc:datafield tag="650" ind1=" " ind2="7">
            <marc:subfield code="a">Holocaust victims.</marc:subfield>
            <marc:subfield code="2">fast</marc:subfield>
            <marc:subfield code="0">(OCoLC)fst00958865</marc:subfield>
        </marc:datafield>
        <marc:datafield tag="650" ind1=" " ind2="7">
            <marc:subfield code="a">Memorials in art.</marc:subfield>
            <marc:subfield code="2">fast</marc:subfield>
            <marc:subfield code="0">(OCoLC)fst01903894</marc:subfield>
        </marc:datafield>
        <marc:datafield tag="650" ind1=" " ind2="7">
            <marc:subfield code="a">Photography, Artistic.</marc:subfield>
            <marc:subfield code="2">fast</marc:subfield>
            <marc:subfield code="0">(OCoLC)fst01061964</marc:subfield>
        </marc:datafield>
        <marc:datafield tag="650" ind1=" " ind2="7">
            <marc:subfield code="a">War in art.</marc:subfield>
            <marc:subfield code="2">fast</marc:subfield>
            <marc:subfield code="0">(OCoLC)fst01170504</marc:subfield>
        </marc:datafield>
        <marc:datafield tag="651" ind1=" " ind2="7">
            <marc:subfield code="a">France</marc:subfield>
            <marc:subfield code="z">Izieu.</marc:subfield>
            <marc:subfield code="2">fast</marc:subfield>
            <marc:subfield code="0">(OCoLC)fst01231047</marc:subfield>
            <marc:subfield code="1">https://id.oclc.org/worldcat/entity/E39QbtfRtXVmHwdVPG74KfkHPp</marc:subfield>
        </marc:datafield>
        <marc:datafield tag="655" ind1=" " ind2="7">
            <marc:subfield code="a">Letterpress printing.</marc:subfield>
            <marc:subfield code="2">aat</marc:subfield>
        </marc:datafield>
        <marc:datafield tag="655" ind1=" " ind2="7">
            <marc:subfield code="a">History.</marc:subfield>
            <marc:subfield code="2">fast</marc:subfield>
            <marc:subfield code="0">(OCoLC)fst01411628</marc:subfield>
        </marc:datafield>
        <marc:datafield tag="655" ind1=" " ind2="7">
            <marc:subfield code="a">Specimens.</marc:subfield>
            <marc:subfield code="2">fast</marc:subfield>
            <marc:subfield code="0">(OCoLC)fst01423861</marc:subfield>
        </marc:datafield>
        <marc:datafield tag="655" ind1=" " ind2="7">
            <marc:subfield code="a">Artists' books</marc:subfield>
            <marc:subfield code="z">Québec (Province)</marc:subfield>
            <marc:subfield code="z">Montréal</marc:subfield>
            <marc:subfield code="y">1999.</marc:subfield>
            <marc:subfield code="2">rbgenr</marc:subfield>
        </marc:datafield>
        <marc:datafield tag="647" ind1=" " ind2="7">
            <marc:subfield code="a">Jewish Holocaust</marc:subfield>
            <marc:subfield code="d">(1939-1945)</marc:subfield>
            <marc:subfield code="2">fast</marc:subfield>
            <marc:subfield code="0">(OCoLC)fst00958866</marc:subfield>
            <marc:subfield code="1">https://id.oclc.org/worldcat/entity/E39Qhp4vB9Pg8WWKGbgjvXPmfy</marc:subfield>
        </marc:datafield>
        <marc:datafield tag="648" ind1=" " ind2="7">
            <marc:subfield code="a">1939-1945</marc:subfield>
            <marc:subfield code="2">fast</marc:subfield>
        </marc:datafield>
        <marc:datafield tag="710" ind1="2" ind2=" ">
            <marc:subfield code="a">Éditions Roselin,</marc:subfield>
            <marc:subfield code="e">publisher.</marc:subfield>
        </marc:datafield>
        <marc:datafield tag="758" ind1=" " ind2=" ">
            <marc:subfield code="i">has work:</marc:subfield>
            <marc:subfield code="a">Le 6 avril 1944 (PhysicalObject)</marc:subfield>
            <marc:subfield code="1">https://id.oclc.org/worldcat/entity/E39PCFR8X8RGMDFdDxpcXMmHVK</marc:subfield>
            <marc:subfield code="4">https://id.oclc.org/worldcat/ontology/hasWork</marc:subfield>
        </marc:datafield>
        <marc:datafield tag="700" ind1="1" ind2=" ">
            <marc:subfield code="a">Hillel, Edward,</marc:subfield>
            <marc:subfield code="d">1953-</marc:subfield>
            <marc:subfield code="e">photographer.</marc:subfield>
            <marc:subfield code="1">https://id.oclc.org/worldcat/entity/E39PBJkT8wqxjP7GMqyCpMT8md</marc:subfield>
        </marc:datafield>
        <marc:datafield tag="978" ind1=" " ind2=" ">
            <marc:subfield code="a">.b60237041</marc:subfield>
            <marc:subfield code="9">local</marc:subfield>
        </marc:datafield>
        <marc:datafield tag="994" ind1=" " ind2=" ">
            <marc:subfield code="a">92</marc:subfield>
            <marc:subfield code="b">OCACL</marc:subfield>
        </marc:datafield>
    </marc:record>