
    <marc:record>
        <marc:leader>04161cgm a2200625Ma 4500</marc:leader>
        <marc:controlfield tag="001">99161951125501452</marc:controlfield>
        <marc:controlfield tag="005">20240911213022.0</marc:controlfield>
        <marc:controlfield tag="006">m     o  c        </marc:controlfield>
        <marc:controlfield tag="007">cr |n||||||||a</marc:controlfield>
        <marc:controlfield tag="007">vz |za|z|</marc:controlfield>
        <marc:controlfield tag="008">140410s1991    vau059 e      o   vueng d</marc:controlfield>
        <marc:datafield tag="019" ind1=" " ind2=" ">
            <marc:subfield code="a">1113664352</marc:subfield>
            <marc:subfield code="a">1373515870</marc:subfield>
        </marc:datafield>
        <marc:datafield tag="035" ind1=" " ind2=" ">
            <marc:subfield code="a">(VaAlASP)ASP2214957/artv</marc:subfield>
        </marc:datafield>
        <marc:datafield tag="035" ind1=" " ind2=" ">
            <marc:subfield code="a">(OCoLC)881546788</marc:subfield>
            <marc:subfield code="z">(OCoLC)1113664352</marc:subfield>
            <marc:subfield code="z">(OCoLC)1373515870</marc:subfield>
        </marc:datafield>
        <marc:datafield tag="035" ind1=" " ind2=" ">
            <marc:subfield code="a">(OCoLC)ocn881546788</marc:subfield>
        </marc:datafield>
        <marc:datafield tag="035" ind1=" " ind2=" ">
            <marc:subfield code="a">(EXLNZ-01ALLIANCE_NETWORK)99321138865601451</marc:subfield>
        </marc:datafield>
        <marc:datafield tag="035" ind1=" " ind2=" ">
            <marc:subfield code="a">(01ALLIANCE_UW)99161951125501452</marc:subfield>
        </marc:datafield>
        <marc:datafield tag="040" ind1=" " ind2=" ">
            <marc:subfield code="a">ALSTP</marc:subfield>
            <marc:subfield code="b">eng</marc:subfield>
            <marc:subfield code="e">pn</marc:subfield>
            <marc:subfield code="c">ALSTP</marc:subfield>
            <marc:subfield code="d">OCLCO</marc:subfield>
            <marc:subfield code="d">OCLCQ</marc:subfield>
            <marc:subfield code="d">OCLCF</marc:subfield>
            <marc:subfield code="d">OCLCQ</marc:subfield>
            <marc:subfield code="d">OCLCO</marc:subfield>
            <marc:subfield code="d">OCLCQ</marc:subfield>
            <marc:subfield code="d">IAA</marc:subfield>
            <marc:subfield code="d">IOG</marc:subfield>
            <marc:subfield code="d">WYU</marc:subfield>
            <marc:subfield code="d">UHL</marc:subfield>
            <marc:subfield code="d">UAB</marc:subfield>
            <marc:subfield code="d">OCLCO</marc:subfield>
            <marc:subfield code="d">OCLCQ</marc:subfield>
            <marc:subfield code="d">OCLCL</marc:subfield>
        </marc:datafield>
        <marc:datafield tag="049" ind1=" " ind2=" ">
            <marc:subfield code="a">MAIN</marc:subfield>
        </marc:datafield>
        <marc:datafield tag="050" ind1=" " ind2="4">
            <marc:subfield code="a">Internet Access</marc:subfield>
            <marc:subfield code="b">AEGMCT</marc:subfield>
        </marc:datafield>
        <marc:datafield tag="245" ind1="0" ind2="0">
            <marc:subfield code="a">Large scale projects :</marc:subfield>
            <marc:subfield code="b">Claes Oldenburg and Cooje van Bruggen /</marc:subfield>
            <marc:subfield code="c">by Lana Jokel, and Nicholas Doob.</marc:subfield>
        </marc:datafield>
        <marc:datafield tag="260" ind1=" " ind2=" ">
            <marc:subfield code="a">Alexandria, VA :</marc:subfield>
            <marc:subfield code="b">Filmakers Library,</marc:subfield>
            <marc:subfield code="c">1991.</marc:subfield>
        </marc:datafield>
        <marc:datafield tag="300" ind1=" " ind2=" ">
            <marc:subfield code="a">1 online resource (59 min.).</marc:subfield>
        </marc:datafield>
        <marc:datafield tag="306" ind1=" " ind2=" ">
            <marc:subfield code="a">005831</marc:subfield>
        </marc:datafield>
        <marc:datafield tag="336" ind1=" " ind2=" ">
            <marc:subfield code="a">two-dimensional moving image</marc:subfield>
            <marc:subfield code="b">tdi</marc:subfield>
            <marc:subfield code="2">rdacontent</marc:subfield>
        </marc:datafield>
        <marc:datafield tag="337" ind1=" " ind2=" ">
            <marc:subfield code="a">computer</marc:subfield>
            <marc:subfield code="b">c</marc:subfield>
            <marc:subfield code="2">rdamedia</marc:subfield>
        </marc:datafield>
        <marc:datafield tag="338" ind1=" " ind2=" ">
            <marc:subfield code="a">online resource</marc:subfield>
            <marc:subfield code="b">cr</marc:subfield>
            <marc:subfield code="2">rdacarrier</marc:subfield>
        </marc:datafield>
        <marc:datafield tag="347" ind1=" " ind2=" ">
            <marc:subfield code="a">data file</marc:subfield>
            <marc:subfield code="2">rda</marc:subfield>
        </marc:datafield>
        <marc:datafield tag="490" ind1="0" ind2=" ">
            <marc:subfield code="a">Filmakers library online, volume 3</marc:subfield>
        </marc:datafield>
        <marc:datafield tag="520" ind1=" " ind2=" ">
            <marc:subfield code="a">Claus Oldenburg, one of the giants of pop art was the subject of an acclaimed retrospective at the Museum of Modern Art. He is famous for making oversized replicas of everyday objects, i.e., a giant hamburger and a lipstick tube the size of a tree. This film illustrates his collaboration with his wife, Coosje van Bruggen, as they create a number of large-scale sculptures for public spaces, including some carried out in collaboration with American architect Frank Gehry. The film shows various works from conception to installation, including 'Spoonbridge and Cherry' in Minneapolis, 'Dropped Bowl with Scattered Slices and Peels' in Miami, 'Knifeship' at the Guggenheim Museum in New York, and 'Binocular Building' in Venice, California. Theirs was an intimate collaboration of minds and artistic input; he was reserved and quietly driven, she energetic and outspoken. Together they explored the mystery and power of everyday objects by changing their sizes, shapes, and textures in surprising and unsettling ways.</marc:subfield>
        </marc:datafield>
        <marc:datafield tag="500" ind1=" " ind2=" ">
            <marc:subfield code="a">Title from resource description page (viewed June 25, 2014).</marc:subfield>
        </marc:datafield>
        <marc:datafield tag="546" ind1=" " ind2=" ">
            <marc:subfield code="a">In English.</marc:subfield>
        </marc:datafield>
        <marc:datafield tag="650" ind1=" " ind2="0">
            <marc:subfield code="a">Art, Modern.</marc:subfield>
        </marc:datafield>
        <marc:datafield tag="650" ind1=" " ind2="0">
            <marc:subfield code="a">Sculpture.</marc:subfield>
        </marc:datafield>
        <marc:datafield tag="650" ind1=" " ind2="2">
            <marc:subfield code="a">Sculpture</marc:subfield>
        </marc:datafield>
        <marc:datafield tag="650" ind1=" " ind2="6">
            <marc:subfield code="a">Sculpture.</marc:subfield>
        </marc:datafield>
        <marc:datafield tag="650" ind1=" " ind2="7">
            <marc:subfield code="a">Art, Modern.</marc:subfield>
            <marc:subfield code="2">fast</marc:subfield>
            <marc:subfield code="0">(OCoLC)fst00816615</marc:subfield>
        </marc:datafield>
        <marc:datafield tag="650" ind1=" " ind2="7">
            <marc:subfield code="a">Sculpture.</marc:subfield>
            <marc:subfield code="2">fast</marc:subfield>
            <marc:subfield code="0">(OCoLC)fst01109483</marc:subfield>
        </marc:datafield>
        <marc:datafield tag="655" ind1=" " ind2="2">
            <marc:subfield code="a">Documentaries and Factual Films</marc:subfield>
        </marc:datafield>
        <marc:datafield tag="655" ind1=" " ind2="4">
            <marc:subfield code="a">Streaming videos.</marc:subfield>
        </marc:datafield>
        <marc:datafield tag="655" ind1=" " ind2="7">
            <marc:subfield code="a">Documentary films.</marc:subfield>
            <marc:subfield code="2">fast</marc:subfield>
            <marc:subfield code="0">(OCoLC)fst01710390</marc:subfield>
        </marc:datafield>
        <marc:datafield tag="655" ind1=" " ind2="7">
            <marc:subfield code="a">Documentary films.</marc:subfield>
            <marc:subfield code="2">lcgft</marc:subfield>
        </marc:datafield>
        <marc:datafield tag="655" ind1=" " ind2="7">
            <marc:subfield code="a">Documentaires.</marc:subfield>
            <marc:subfield code="2">rvmgf</marc:subfield>
        </marc:datafield>
        <marc:datafield tag="710" ind1="2" ind2=" ">
            <marc:subfield code="a">Filmakers Library, inc.</marc:subfield>
            <marc:subfield code="4">prn</marc:subfield>
        </marc:datafield>
        <marc:datafield tag="700" ind1="1" ind2=" ">
            <marc:subfield code="a">Doob, Nick.</marc:subfield>
            <marc:subfield code="4">drt</marc:subfield>
        </marc:datafield>
        <marc:datafield tag="700" ind1="1" ind2=" ">
            <marc:subfield code="a">Jokel, Lana.</marc:subfield>
            <marc:subfield code="4">drt</marc:subfield>
        </marc:datafield>
        <marc:datafield tag="758" ind1=" " ind2=" ">
            <marc:subfield code="i">has work:</marc:subfield>
            <marc:subfield code="a">Large Scale Projects: Claes Oldenburg and Cooje van Bruggen (MovingImage)</marc:subfield>
            <marc:subfield code="1">https://id.oclc.org/worldcat/entity/E39PCXvvCfq6xpQbgQBt9yCgBq</marc:subfield>
            <marc:subfield code="4">https://id.oclc.org/worldcat/ontology/hasWork</marc:subfield>
        </marc:datafield>
        <marc:datafield tag="856" ind1="4" ind2="0">
            <marc:subfield code="3">Alexander Street</marc:subfield>
            <marc:subfield code="u">http://www.aspresolver.com/aspresolver.asp?FLON;2214957</marc:subfield>
        </marc:datafield>
        <marc:datafield tag="856" ind1="4" ind2="0">
            <marc:subfield code="3">Alexander Street</marc:subfield>
            <marc:subfield code="u">http://www.aspresolver.com/aspresolver.asp?ARTV;2214957</marc:subfield>
        </marc:datafield>
        <marc:datafield tag="856" ind1="4" ind2="0">
            <marc:subfield code="3">Alexander Street Press, Filmakers Library Online</marc:subfield>
            <marc:subfield code="u">http://bluestem.csu.edu:2048/login?url=http://www.aspresolver.com/aspresolver.asp?FLON;2214957</marc:subfield>
            <marc:subfield code="z">Available for current Chicago State University students, faculty and staff. Click here to view video.</marc:subfield>
        </marc:datafield>
        <marc:datafield tag="856" ind1="4" ind2="0">
            <marc:subfield code="z">Access online video</marc:subfield>
            <marc:subfield code="u">https://grinnell.idm.oclc.org/login?url=http://www.aspresolver.com/aspresolver.asp?FLON;2214957</marc:subfield>
        </marc:datafield>
        <marc:datafield tag="856" ind1="4" ind2="0">
            <marc:subfield code="u">http://libproxy.uwyo.edu/login/?url=http://www.aspresolver.com/aspresolver.asp?ARTV;2214957</marc:subfield>
            <marc:subfield code="z">Access streaming video.</marc:subfield>
        </marc:datafield>
        <marc:datafield tag="856" ind1="4" ind2="0">
            <marc:subfield code="u">http://libproxy.uwyo.edu/login/?url=http://www.aspresolver.com/aspresolver.asp?FLON;2214957</marc:subfield>
            <marc:subfield code="z">Access streaming video.</marc:subfield>
        </marc:datafield>
        <marc:datafield tag="856" ind1=" " ind2=" ">
            <marc:subfield code="u">https://shu.primo.exlibrisgroup.com/discovery/openurl?institution=44SHU_INST&amp;vid=44SHU_INST:44SHU_VU1&amp;u.ignore_date_coverage=true&amp;rft.mms_id=99243813002501</marc:subfield>
            <marc:subfield code="z">Alexander Street Press</marc:subfield>
            <marc:subfield code="p">5367684300002501</marc:subfield>
        </marc:datafield>
        <marc:datafield tag="994" ind1=" " ind2=" ">
            <marc:subfield code="a">92</marc:subfield>
            <marc:subfield code="b">OCACL</marc:subfield>
        </marc:datafield>
    </marc:record>