
    <marc:record>
        <marc:leader>03381cmm a2200757 i 4500</marc:leader>
        <marc:controlfield tag="001">99109536080001452</marc:controlfield>
        <marc:controlfield tag="005">20240911213022.0</marc:controlfield>
        <marc:controlfield tag="007">co cga||||||||</marc:controlfield>
        <marc:controlfield tag="008">071126t20072007cau    eq  g        eng d</marc:controlfield>
        <marc:datafield tag="019" ind1=" " ind2=" ">
            <marc:subfield code="a">466362617</marc:subfield>
            <marc:subfield code="a">1003068580</marc:subfield>
            <marc:subfield code="a">1102204333</marc:subfield>
        </marc:datafield>
        <marc:datafield tag="024" ind1="1" ind2=" ">
            <marc:subfield code="a">008888523390</marc:subfield>
        </marc:datafield>
        <marc:datafield tag="028" ind1="5" ind2="1">
            <marc:subfield code="a">523390-CVR2</marc:subfield>
            <marc:subfield code="b">Ubisoft</marc:subfield>
        </marc:datafield>
        <marc:datafield tag="028" ind1="5" ind2="1">
            <marc:subfield code="a">523390-CVR</marc:subfield>
            <marc:subfield code="b">Ubisoft</marc:subfield>
        </marc:datafield>
        <marc:datafield tag="028" ind1="5" ind2="1">
            <marc:subfield code="a">523390-DVD2</marc:subfield>
            <marc:subfield code="b">Ubisoft</marc:subfield>
        </marc:datafield>
        <marc:datafield tag="035" ind1=" " ind2=" ">
            <marc:subfield code="z">(OCoLC)ocm466362617</marc:subfield>
        </marc:datafield>
        <marc:datafield tag="035" ind1=" " ind2=" ">
            <marc:subfield code="a">(OCoLC)182520657</marc:subfield>
            <marc:subfield code="z">(OCoLC)466362617</marc:subfield>
            <marc:subfield code="z">(OCoLC)1003068580</marc:subfield>
            <marc:subfield code="z">(OCoLC)1102204333</marc:subfield>
        </marc:datafield>
        <marc:datafield tag="035" ind1=" " ind2=" ">
            <marc:subfield code="a">(OCoLC)ocn182520657</marc:subfield>
        </marc:datafield>
        <marc:datafield tag="035" ind1=" " ind2=" ">
            <marc:subfield code="a">(EXLNZ-01ALLIANCE_NETWORK)99149073160001451</marc:subfield>
        </marc:datafield>
        <marc:datafield tag="035" ind1=" " ind2=" ">
            <marc:subfield code="a">(01ALLIANCE_UW)99109536080001452</marc:subfield>
        </marc:datafield>
        <marc:datafield tag="040" ind1=" " ind2=" ">
            <marc:subfield code="a">ORU</marc:subfield>
            <marc:subfield code="b">eng</marc:subfield>
            <marc:subfield code="e">rda</marc:subfield>
            <marc:subfield code="c">ORU</marc:subfield>
            <marc:subfield code="d">KYB</marc:subfield>
            <marc:subfield code="d">BNO</marc:subfield>
            <marc:subfield code="d">TYV</marc:subfield>
            <marc:subfield code="d">G3B</marc:subfield>
            <marc:subfield code="d">OCLCQ</marc:subfield>
            <marc:subfield code="d">OCLCO</marc:subfield>
            <marc:subfield code="d">OCLCQ</marc:subfield>
            <marc:subfield code="d">WAU</marc:subfield>
            <marc:subfield code="d">ORU</marc:subfield>
            <marc:subfield code="d">KA7</marc:subfield>
            <marc:subfield code="d">BKC</marc:subfield>
            <marc:subfield code="d">VRC</marc:subfield>
            <marc:subfield code="d">OCLCF</marc:subfield>
            <marc:subfield code="d">OCLCQ</marc:subfield>
            <marc:subfield code="d">UCW</marc:subfield>
            <marc:subfield code="d">S9I</marc:subfield>
            <marc:subfield code="d">SVZ</marc:subfield>
            <marc:subfield code="d">ZQP</marc:subfield>
            <marc:subfield code="d">OCLCO</marc:subfield>
            <marc:subfield code="d">OCLCQ</marc:subfield>
            <marc:subfield code="d">CUZ</marc:subfield>
        </marc:datafield>
        <marc:datafield tag="041" ind1="0" ind2=" ">
            <marc:subfield code="a">eng</marc:subfield>
            <marc:subfield code="g">eng</marc:subfield>
            <marc:subfield code="g">fre</marc:subfield>
        </marc:datafield>
        <marc:datafield tag="049" ind1=" " ind2=" ">
            <marc:subfield code="a">MAIN</marc:subfield>
        </marc:datafield>
        <marc:datafield tag="050" ind1=" " ind2="4">
            <marc:subfield code="a">GV1469.3391.A87</marc:subfield>
            <marc:subfield code="b">A7 2007</marc:subfield>
        </marc:datafield>
        <marc:datafield tag="082" ind1="0" ind2="4">
            <marc:subfield code="a">794/.8</marc:subfield>
        </marc:datafield>
        <marc:datafield tag="245" ind1="0" ind2="0">
            <marc:subfield code="a">Assassin's creed.</marc:subfield>
        </marc:datafield>
        <marc:datafield tag="250" ind1=" " ind2=" ">
            <marc:subfield code="a">Xbox 360.</marc:subfield>
        </marc:datafield>
        <marc:datafield tag="264" ind1=" " ind2="1">
            <marc:subfield code="a">San Francisco, Calif. :</marc:subfield>
            <marc:subfield code="b">Ubisoft,</marc:subfield>
            <marc:subfield code="c">[2007]</marc:subfield>
        </marc:datafield>
        <marc:datafield tag="264" ind1=" " ind2="4">
            <marc:subfield code="c">©2007</marc:subfield>
        </marc:datafield>
        <marc:datafield tag="300" ind1=" " ind2=" ">
            <marc:subfield code="a">1 computer optical disc :</marc:subfield>
            <marc:subfield code="b">sound, color ;</marc:subfield>
            <marc:subfield code="c">4 3/4 in. +</marc:subfield>
            <marc:subfield code="e">1 booklet (24 pages : illustrations ; 18 cm)</marc:subfield>
        </marc:datafield>
        <marc:datafield tag="336" ind1=" " ind2=" ">
            <marc:subfield code="a">computer program</marc:subfield>
            <marc:subfield code="b">cop</marc:subfield>
            <marc:subfield code="2">rdacontent</marc:subfield>
        </marc:datafield>
        <marc:datafield tag="336" ind1=" " ind2=" ">
            <marc:subfield code="a">two-dimensional moving image</marc:subfield>
            <marc:subfield code="b">tdi</marc:subfield>
            <marc:subfield code="2">rdacontent</marc:subfield>
        </marc:datafield>
        <marc:datafield tag="337" ind1=" " ind2=" ">
            <marc:subfield code="a">computer</marc:subfield>
            <marc:subfield code="b">c</marc:subfield>
            <marc:subfield code="2">rdamedia</marc:subfield>
        </marc:datafield>
        <marc:datafield tag="337" ind1=" " ind2=" ">
            <marc:subfield code="a">video</marc:subfield>
            <marc:subfield code="b">v</marc:subfield>
            <marc:subfield code="2">rdamedia</marc:subfield>
        </marc:datafield>
        <marc:datafield tag="338" ind1=" " ind2=" ">
            <marc:subfield code="a">computer disc</marc:subfield>
            <marc:subfield code="b">cd</marc:subfield>
            <marc:subfield code="2">rdacarrier</marc:subfield>
        </marc:datafield>
        <marc:datafield tag="344" ind1=" " ind2=" ">
            <marc:subfield code="a">digital</marc:subfield>
            <marc:subfield code="2">rdatr</marc:subfield>
        </marc:datafield>
        <marc:datafield tag="344" ind1=" " ind2=" ">
            <marc:subfield code="b">optical</marc:subfield>
            <marc:subfield code="2">rdarm</marc:subfield>
        </marc:datafield>
        <marc:datafield tag="344" ind1=" " ind2=" ">
            <marc:subfield code="h">Dolby</marc:subfield>
        </marc:datafield>
        <marc:datafield tag="346" ind1=" " ind2=" ">
            <marc:subfield code="b">NTSC</marc:subfield>
        </marc:datafield>
        <marc:datafield tag="347" ind1=" " ind2=" ">
            <marc:subfield code="a">program file</marc:subfield>
        </marc:datafield>
        <marc:datafield tag="347" ind1=" " ind2=" ">
            <marc:subfield code="b">Xbox 360</marc:subfield>
        </marc:datafield>
        <marc:datafield tag="490" ind1="1" ind2=" ">
            <marc:subfield code="a">Xbox 360 Platinum hits</marc:subfield>
        </marc:datafield>
        <marc:datafield tag="538" ind1=" " ind2=" ">
            <marc:subfield code="a">System requirements: Xbox 360 with NTSC designation; 300KB to save game; HDTV 720p/1080i/1080p; in-game Dolby Digital.</marc:subfield>
        </marc:datafield>
        <marc:datafield tag="520" ind1=" " ind2=" ">
            <marc:subfield code="a">The player assumes the role of Desmond Miles, a bartender whose family tree is of assassins. He is taken to a facility where he uses the Animus, a machine that allows him to see the memories of his ancestors during the Third Crusade, in the year 1191. Desmond assumes the role of Altair, a member of the Hashshashin sect (the original &quot;assassins&quot;), whose objective is to slay the nine historical figures who are propagating the Crusades. As the player finds and kills these targets, their conspiracy is unveiled. The player is able to travel through three cities: Jerusalem, Acre and Damascus as well as Masyaf, the assassins' stronghold.</marc:subfield>
        </marc:datafield>
        <marc:datafield tag="521" ind1="8" ind2=" ">
            <marc:subfield code="a">ESRB rating: M, Mature 17+ (blood, strong language, violence).</marc:subfield>
        </marc:datafield>
        <marc:datafield tag="500" ind1=" " ind2=" ">
            <marc:subfield code="a">1 player.</marc:subfield>
        </marc:datafield>
        <marc:datafield tag="500" ind1=" " ind2=" ">
            <marc:subfield code="a">Title from disc label.</marc:subfield>
        </marc:datafield>
        <marc:datafield tag="500" ind1=" " ind2=" ">
            <marc:subfield code="a">Includes booklet (24 pages : illustrations; 18 cm).</marc:subfield>
        </marc:datafield>
        <marc:datafield tag="650" ind1=" " ind2="0">
            <marc:subfield code="a">Assassins</marc:subfield>
            <marc:subfield code="v">Video games.</marc:subfield>
        </marc:datafield>
        <marc:datafield tag="650" ind1=" " ind2="0">
            <marc:subfield code="a">Revenge</marc:subfield>
            <marc:subfield code="v">Video games.</marc:subfield>
        </marc:datafield>
        <marc:datafield tag="650" ind1=" " ind2="0">
            <marc:subfield code="a">Hand-to-hand fighting</marc:subfield>
            <marc:subfield code="v">Video games.</marc:subfield>
        </marc:datafield>
        <marc:datafield tag="650" ind1=" " ind2="7">
            <marc:subfield code="a">Assassins</marc:subfield>
            <marc:subfield code="2">fast</marc:subfield>
        </marc:datafield>
        <marc:datafield tag="650" ind1=" " ind2="7">
            <marc:subfield code="a">Hand-to-hand fighting</marc:subfield>
            <marc:subfield code="2">fast</marc:subfield>
        </marc:datafield>
        <marc:datafield tag="650" ind1=" " ind2="7">
            <marc:subfield code="a">Revenge</marc:subfield>
            <marc:subfield code="2">fast</marc:subfield>
        </marc:datafield>
        <marc:datafield tag="655" ind1=" " ind2="0">
            <marc:subfield code="a">Xbox video games.</marc:subfield>
        </marc:datafield>
        <marc:datafield tag="655" ind1=" " ind2="0">
            <marc:subfield code="a">Video games.</marc:subfield>
        </marc:datafield>
        <marc:datafield tag="655" ind1=" " ind2="7">
            <marc:subfield code="a">Computer games</marc:subfield>
            <marc:subfield code="2">fast</marc:subfield>
        </marc:datafield>
        <marc:datafield tag="655" ind1=" " ind2="7">
            <marc:subfield code="a">Video games</marc:subfield>
            <marc:subfield code="2">fast</marc:subfield>
        </marc:datafield>
        <marc:datafield tag="655" ind1=" " ind2="7">
            <marc:subfield code="a">Xbox video games.</marc:subfield>
            <marc:subfield code="2">lcgft</marc:subfield>
        </marc:datafield>
        <marc:datafield tag="655" ind1=" " ind2="7">
            <marc:subfield code="a">Video games.</marc:subfield>
            <marc:subfield code="2">lcgft</marc:subfield>
        </marc:datafield>
        <marc:datafield tag="753" ind1=" " ind2=" ">
            <marc:subfield code="a">Microsoft Xbox 360 (NTSC-U/C)</marc:subfield>
            <marc:subfield code="0">https://gamemetadata.soe.ucsc.edu/platform/1015</marc:subfield>
            <marc:subfield code="2">gcipplatform</marc:subfield>
        </marc:datafield>
        <marc:datafield tag="710" ind1="2" ind2=" ">
            <marc:subfield code="a">Ubisoft (Firm)</marc:subfield>
        </marc:datafield>
        <marc:datafield tag="830" ind1=" " ind2="0">
            <marc:subfield code="a">Platinum hits.</marc:subfield>
        </marc:datafield>
        <marc:datafield tag="856" ind1="4" ind2=" ">
            <marc:subfield code="u">http://libweb.uoregon.edu/scilib/games-info.html</marc:subfield>
            <marc:subfield code="z">Game and Equipment Policies</marc:subfield>
        </marc:datafield>
        <marc:datafield tag="973" ind1=" " ind2=" ">
            <marc:subfield code="a">videogames</marc:subfield>
        </marc:datafield>
        <marc:datafield tag="978" ind1=" " ind2=" ">
            <marc:subfield code="a">.b7545483x</marc:subfield>
            <marc:subfield code="9">LOCAL</marc:subfield>
        </marc:datafield>
        <marc:datafield tag="994" ind1=" " ind2=" ">
            <marc:subfield code="a">92</marc:subfield>
            <marc:subfield code="b">OCACL</marc:subfield>
        </marc:datafield>
    </marc:record>