
    <marc:record>
        <marc:leader>02597cam a2200529 a 4500</marc:leader>
        <marc:controlfield tag="001">99114129320001452</marc:controlfield>
        <marc:controlfield tag="005">20240311213016.0</marc:controlfield>
        <marc:controlfield tag="007">hg aoc---bucu</marc:controlfield>
        <marc:controlfield tag="008">821217s1587    enk     c     001 0 eng d</marc:controlfield>
        <marc:datafield tag="035" ind1=" " ind2=" ">
            <marc:subfield code="a">(OCoLC)09062594</marc:subfield>
        </marc:datafield>
        <marc:datafield tag="035" ind1=" " ind2=" ">
            <marc:subfield code="a">(OCoLC)ocm09062594 </marc:subfield>
        </marc:datafield>
        <marc:datafield tag="035" ind1=" " ind2=" ">
            <marc:subfield code="a">(EXLNZ-01ALLIANCE_NETWORK)99166997120001451</marc:subfield>
        </marc:datafield>
        <marc:datafield tag="035" ind1=" " ind2=" ">
            <marc:subfield code="a">(01ALLIANCE_UW)99114129320001452</marc:subfield>
        </marc:datafield>
        <marc:datafield tag="040" ind1=" " ind2=" ">
            <marc:subfield code="a">UGT</marc:subfield>
            <marc:subfield code="b">eng</marc:subfield>
            <marc:subfield code="c">UGT</marc:subfield>
            <marc:subfield code="d">OCL</marc:subfield>
            <marc:subfield code="d">MUQ</marc:subfield>
            <marc:subfield code="d">OCLCQ</marc:subfield>
            <marc:subfield code="d">OCLCG</marc:subfield>
            <marc:subfield code="d">OCLCQ</marc:subfield>
            <marc:subfield code="d">OCLCF</marc:subfield>
            <marc:subfield code="d">OCLCO</marc:subfield>
            <marc:subfield code="d">OCLCQ</marc:subfield>
            <marc:subfield code="d">OCLCO</marc:subfield>
            <marc:subfield code="d">OCL</marc:subfield>
            <marc:subfield code="d">OCLCQ</marc:subfield>
            <marc:subfield code="d">OCLCO</marc:subfield>
            <marc:subfield code="d">OCLCL</marc:subfield>
            <marc:subfield code="d">OCLCQ</marc:subfield>
        </marc:datafield>
        <marc:datafield tag="041" ind1="1" ind2=" ">
            <marc:subfield code="a">eng</marc:subfield>
            <marc:subfield code="h">lat</marc:subfield>
        </marc:datafield>
        <marc:datafield tag="049" ind1=" " ind2=" ">
            <marc:subfield code="a">MAIN</marc:subfield>
        </marc:datafield>
        <marc:datafield tag="050" ind1=" " ind2="4">
            <marc:subfield code="a">Q111</marc:subfield>
            <marc:subfield code="b">.H35</marc:subfield>
            <marc:subfield code="a">BS665</marc:subfield>
        </marc:datafield>
        <marc:datafield tag="082" ind1="0" ind2="4">
            <marc:subfield code="a">215.74</marc:subfield>
            <marc:subfield code="q">OCoLC</marc:subfield>
            <marc:subfield code="2">19/eng/20230216</marc:subfield>
        </marc:datafield>
        <marc:datafield tag="100" ind1="1" ind2=" ">
            <marc:subfield code="a">Lemnius, Levinus,</marc:subfield>
            <marc:subfield code="d">1505-1568.</marc:subfield>
            <marc:subfield code="1">https://id.oclc.org/worldcat/entity/E39PBJkT66dhk4XMqWVYWKYgKd</marc:subfield>
        </marc:datafield>
        <marc:datafield tag="240" ind1="1" ind2="0">
            <marc:subfield code="a">Herbarum atque arborum quæ in Bibliis.</marc:subfield>
            <marc:subfield code="l">English</marc:subfield>
        </marc:datafield>
        <marc:datafield tag="245" ind1="1" ind2="3">
            <marc:subfield code="a">An herbal for the Bible :</marc:subfield>
            <marc:subfield code="b">containing a plaine and familiar exposition of such similitudes, parables, and metaphors, both in the Olde Testament and the Newe, as are borrowed and taken from herbs, plants, trees, fruits and simples, by observation of their vertues, qualities, natures, properties, operations, and effects : and by the holy prophets, sacred writers, Christ himself, and his blessed apostles, usually alledged, and into their heavenly oracles, for the better beautifieng and plainer opening of the same, profitably inserted /</marc:subfield>
            <marc:subfield code="c">drawen into English by Thomas Newton.</marc:subfield>
        </marc:datafield>
        <marc:datafield tag="260" ind1=" " ind2=" ">
            <marc:subfield code="a">London :</marc:subfield>
            <marc:subfield code="b">Imprinted by Edmund Bollifant,</marc:subfield>
            <marc:subfield code="c">1587.</marc:subfield>
        </marc:datafield>
        <marc:datafield tag="300" ind1=" " ind2=" ">
            <marc:subfield code="a">[8], 287, [9] pages</marc:subfield>
        </marc:datafield>
        <marc:datafield tag="336" ind1=" " ind2=" ">
            <marc:subfield code="a">text</marc:subfield>
            <marc:subfield code="b">txt</marc:subfield>
            <marc:subfield code="2">rdacontent</marc:subfield>
        </marc:datafield>
        <marc:datafield tag="337" ind1=" " ind2=" ">
            <marc:subfield code="a">microform</marc:subfield>
            <marc:subfield code="b">h</marc:subfield>
            <marc:subfield code="2">rdamedia</marc:subfield>
        </marc:datafield>
        <marc:datafield tag="338" ind1=" " ind2=" ">
            <marc:subfield code="a">microopaque</marc:subfield>
            <marc:subfield code="b">hg</marc:subfield>
            <marc:subfield code="2">rdacarrier</marc:subfield>
        </marc:datafield>
        <marc:datafield tag="500" ind1=" " ind2=" ">
            <marc:subfield code="a">Translation of: Herbarum atque arborum quæ in Bibliis.</marc:subfield>
        </marc:datafield>
        <marc:datafield tag="500" ind1=" " ind2=" ">
            <marc:subfield code="a">Includes index.</marc:subfield>
        </marc:datafield>
        <marc:datafield tag="533" ind1=" " ind2=" ">
            <marc:subfield code="a">Microopaque.</marc:subfield>
            <marc:subfield code="b">New York :</marc:subfield>
            <marc:subfield code="c">Readex Microprint,</marc:subfield>
            <marc:subfield code="d">1981.</marc:subfield>
            <marc:subfield code="e">4 cards ; 23 x 15 cm.</marc:subfield>
            <marc:subfield code="f">(Landmarks II).</marc:subfield>
        </marc:datafield>
        <marc:datafield tag="539" ind1=" " ind2=" ">
            <marc:subfield code="a">s</marc:subfield>
            <marc:subfield code="b">1981</marc:subfield>
            <marc:subfield code="d">nyu</marc:subfield>
            <marc:subfield code="e">n</marc:subfield>
        </marc:datafield>
        <marc:datafield tag="650" ind1=" " ind2="0">
            <marc:subfield code="a">Nature in the Bible.</marc:subfield>
        </marc:datafield>
        <marc:datafield tag="650" ind1=" " ind2="0">
            <marc:subfield code="a">Herbs.</marc:subfield>
        </marc:datafield>
        <marc:datafield tag="650" ind1=" " ind2="0">
            <marc:subfield code="a">Plants in the Bible.</marc:subfield>
        </marc:datafield>
        <marc:datafield tag="650" ind1=" " ind2="6">
            <marc:subfield code="a">Nature dans la Bible.</marc:subfield>
        </marc:datafield>
        <marc:datafield tag="650" ind1=" " ind2="6">
            <marc:subfield code="a">Plantes dans la Bible.</marc:subfield>
        </marc:datafield>
        <marc:datafield tag="650" ind1=" " ind2="6">
            <marc:subfield code="a">Herbes.</marc:subfield>
        </marc:datafield>
        <marc:datafield tag="650" ind1=" " ind2="7">
            <marc:subfield code="a">herbaceous plants.</marc:subfield>
            <marc:subfield code="2">aat</marc:subfield>
        </marc:datafield>
        <marc:datafield tag="650" ind1=" " ind2="7">
            <marc:subfield code="a">herbs.</marc:subfield>
            <marc:subfield code="2">aat</marc:subfield>
        </marc:datafield>
        <marc:datafield tag="650" ind1=" " ind2="7">
            <marc:subfield code="a">Plants in the Bible</marc:subfield>
            <marc:subfield code="2">fast</marc:subfield>
        </marc:datafield>
        <marc:datafield tag="650" ind1=" " ind2="7">
            <marc:subfield code="a">Herbs</marc:subfield>
            <marc:subfield code="2">fast</marc:subfield>
        </marc:datafield>
        <marc:datafield tag="650" ind1=" " ind2="7">
            <marc:subfield code="a">Nature in the Bible</marc:subfield>
            <marc:subfield code="2">fast</marc:subfield>
        </marc:datafield>
        <marc:datafield tag="700" ind1="1" ind2=" ">
            <marc:subfield code="a">Newton, Thomas,</marc:subfield>
            <marc:subfield code="d">1542?-1607.</marc:subfield>
            <marc:subfield code="1">https://id.oclc.org/worldcat/entity/E39PBJdCvKqkkVR47djf6qQwmd</marc:subfield>
        </marc:datafield>
        <marc:datafield tag="758" ind1=" " ind2=" ">
            <marc:subfield code="i">has work:</marc:subfield>
            <marc:subfield code="a">An herbal for the Bible (Text)</marc:subfield>
            <marc:subfield code="1">https://id.oclc.org/worldcat/entity/E39PCGckFmCKdbt8MFFt8fYdHy</marc:subfield>
            <marc:subfield code="4">https://id.oclc.org/worldcat/ontology/hasWork</marc:subfield>
        </marc:datafield>
        <marc:datafield tag="970" ind1=" " ind2=" ">
            <marc:subfield code="a">Set 018</marc:subfield>
            <marc:subfield code="9">LOCAL</marc:subfield>
        </marc:datafield>
        <marc:datafield tag="973" ind1=" " ind2=" ">
            <marc:subfield code="a">microform</marc:subfield>
        </marc:datafield>
        <marc:datafield tag="978" ind1=" " ind2=" ">
            <marc:subfield code="a">.b40953932</marc:subfield>
            <marc:subfield code="9">LOCAL</marc:subfield>
        </marc:datafield>
        <marc:datafield tag="994" ind1=" " ind2=" ">
            <marc:subfield code="a">92</marc:subfield>
            <marc:subfield code="b">OCACL</marc:subfield>
        </marc:datafield>
    </marc:record>