
    <marc:record>
        <marc:leader>04001cam a2200613 a 4500</marc:leader>
        <marc:controlfield tag="001">99115297060001452</marc:controlfield>
        <marc:controlfield tag="005">20240910213021.0</marc:controlfield>
        <marc:controlfield tag="006">m     o  d        </marc:controlfield>
        <marc:controlfield tag="007">cr bn||||||abp</marc:controlfield>
        <marc:controlfield tag="007">cr bn||||||ada</marc:controlfield>
        <marc:controlfield tag="008">100429s1978    dcuab   ob   f001 0 eng d</marc:controlfield>
        <marc:datafield tag="019" ind1=" " ind2=" ">
            <marc:subfield code="a">755043872</marc:subfield>
            <marc:subfield code="a">784290912</marc:subfield>
            <marc:subfield code="a">1035349671</marc:subfield>
            <marc:subfield code="a">1039391236</marc:subfield>
            <marc:subfield code="a">1053101010</marc:subfield>
            <marc:subfield code="a">1062977184</marc:subfield>
            <marc:subfield code="a">1071609952</marc:subfield>
            <marc:subfield code="a">1091740193</marc:subfield>
            <marc:subfield code="a">1241393849</marc:subfield>
            <marc:subfield code="a">1241412029</marc:subfield>
            <marc:subfield code="a">1242000056</marc:subfield>
            <marc:subfield code="a">1242001558</marc:subfield>
            <marc:subfield code="a">1242002069</marc:subfield>
            <marc:subfield code="a">1242003476</marc:subfield>
            <marc:subfield code="a">1242004723</marc:subfield>
            <marc:subfield code="a">1242005328</marc:subfield>
            <marc:subfield code="a">1242005743</marc:subfield>
            <marc:subfield code="a">1242010419</marc:subfield>
            <marc:subfield code="a">1243011631</marc:subfield>
            <marc:subfield code="a">1243012236</marc:subfield>
            <marc:subfield code="a">1243012634</marc:subfield>
            <marc:subfield code="a">1243012794</marc:subfield>
            <marc:subfield code="a">1243015425</marc:subfield>
            <marc:subfield code="a">1243031594</marc:subfield>
            <marc:subfield code="a">1243038575</marc:subfield>
            <marc:subfield code="a">1243039383</marc:subfield>
            <marc:subfield code="a">1244542690</marc:subfield>
        </marc:datafield>
        <marc:datafield tag="035" ind1=" " ind2=" ">
            <marc:subfield code="a">(OCoLC)610431063</marc:subfield>
            <marc:subfield code="z">(OCoLC)755043872</marc:subfield>
            <marc:subfield code="z">(OCoLC)784290912</marc:subfield>
            <marc:subfield code="z">(OCoLC)1035349671</marc:subfield>
            <marc:subfield code="z">(OCoLC)1039391236</marc:subfield>
            <marc:subfield code="z">(OCoLC)1053101010</marc:subfield>
            <marc:subfield code="z">(OCoLC)1062977184</marc:subfield>
            <marc:subfield code="z">(OCoLC)1071609952</marc:subfield>
            <marc:subfield code="z">(OCoLC)1091740193</marc:subfield>
            <marc:subfield code="z">(OCoLC)1241393849</marc:subfield>
            <marc:subfield code="z">(OCoLC)1241412029</marc:subfield>
            <marc:subfield code="z">(OCoLC)1242000056</marc:subfield>
            <marc:subfield code="z">(OCoLC)1242001558</marc:subfield>
            <marc:subfield code="z">(OCoLC)1242002069</marc:subfield>
            <marc:subfield code="z">(OCoLC)1242003476</marc:subfield>
            <marc:subfield code="z">(OCoLC)1242004723</marc:subfield>
            <marc:subfield code="z">(OCoLC)1242005328</marc:subfield>
            <marc:subfield code="z">(OCoLC)1242005743</marc:subfield>
            <marc:subfield code="z">(OCoLC)1242010419</marc:subfield>
            <marc:subfield code="z">(OCoLC)1243011631</marc:subfield>
            <marc:subfield code="z">(OCoLC)1243012236</marc:subfield>
            <marc:subfield code="z">(OCoLC)1243012634</marc:subfield>
            <marc:subfield code="z">(OCoLC)1243012794</marc:subfield>
            <marc:subfield code="z">(OCoLC)1243015425</marc:subfield>
            <marc:subfield code="z">(OCoLC)1243031594</marc:subfield>
            <marc:subfield code="z">(OCoLC)1243038575</marc:subfield>
            <marc:subfield code="z">(OCoLC)1243039383</marc:subfield>
            <marc:subfield code="z">(OCoLC)1244542690</marc:subfield>
        </marc:datafield>
        <marc:datafield tag="035" ind1=" " ind2=" ">
            <marc:subfield code="a">(OCoLC)ocn610431063</marc:subfield>
        </marc:datafield>
        <marc:datafield tag="035" ind1=" " ind2=" ">
            <marc:subfield code="a">(EXLNZ-01ALLIANCE_NETWORK)99140713650001451</marc:subfield>
        </marc:datafield>
        <marc:datafield tag="035" ind1=" " ind2=" ">
            <marc:subfield code="a">(01ALLIANCE_UW)99115297060001452</marc:subfield>
        </marc:datafield>
        <marc:datafield tag="040" ind1=" " ind2=" ">
            <marc:subfield code="a">OCLCE</marc:subfield>
            <marc:subfield code="b">eng</marc:subfield>
            <marc:subfield code="e">pn</marc:subfield>
            <marc:subfield code="c">OCLCE</marc:subfield>
            <marc:subfield code="d">OCLCQ</marc:subfield>
            <marc:subfield code="d">GPO</marc:subfield>
            <marc:subfield code="d">OCLCO</marc:subfield>
            <marc:subfield code="d">OCLCQ</marc:subfield>
            <marc:subfield code="d">OCLCA</marc:subfield>
            <marc:subfield code="d">OCLCQ</marc:subfield>
            <marc:subfield code="d">OCLCF</marc:subfield>
            <marc:subfield code="d">OCLCO</marc:subfield>
            <marc:subfield code="d">OCLCA</marc:subfield>
            <marc:subfield code="d">OCLCQ</marc:subfield>
            <marc:subfield code="d">OCL</marc:subfield>
            <marc:subfield code="d">FEM</marc:subfield>
            <marc:subfield code="d">CSF</marc:subfield>
            <marc:subfield code="d">VGM</marc:subfield>
            <marc:subfield code="d">NJR</marc:subfield>
            <marc:subfield code="d">LWA</marc:subfield>
            <marc:subfield code="d">HUL</marc:subfield>
            <marc:subfield code="d">INT</marc:subfield>
            <marc:subfield code="d">OCLCQ</marc:subfield>
            <marc:subfield code="d">UMR</marc:subfield>
            <marc:subfield code="d">OCLCQ</marc:subfield>
            <marc:subfield code="d">OCLCO</marc:subfield>
            <marc:subfield code="d">OCLCQ</marc:subfield>
            <marc:subfield code="d">OCLCL</marc:subfield>
            <marc:subfield code="d">OCLCQ</marc:subfield>
        </marc:datafield>
        <marc:datafield tag="042" ind1=" " ind2=" ">
            <marc:subfield code="a">dlr</marc:subfield>
        </marc:datafield>
        <marc:datafield tag="043" ind1=" " ind2=" ">
            <marc:subfield code="a">n-us---</marc:subfield>
        </marc:datafield>
        <marc:datafield tag="049" ind1=" " ind2=" ">
            <marc:subfield code="a">OCAD</marc:subfield>
        </marc:datafield>
        <marc:datafield tag="050" ind1=" " ind2="4">
            <marc:subfield code="a">S21</marc:subfield>
            <marc:subfield code="b">.A37 no. 519</marc:subfield>
            <marc:subfield code="a">QK482</marc:subfield>
        </marc:datafield>
        <marc:datafield tag="072" ind1=" " ind2="0">
            <marc:subfield code="a">F700</marc:subfield>
        </marc:datafield>
        <marc:datafield tag="072" ind1=" " ind2="0">
            <marc:subfield code="a">K001</marc:subfield>
        </marc:datafield>
        <marc:datafield tag="074" ind1=" " ind2=" ">
            <marc:subfield code="a">0003 (online)</marc:subfield>
        </marc:datafield>
        <marc:datafield tag="082" ind1="0" ind2="4">
            <marc:subfield code="a">582/.1609/73</marc:subfield>
            <marc:subfield code="2">22</marc:subfield>
        </marc:datafield>
        <marc:datafield tag="086" ind1="0" ind2=" ">
            <marc:subfield code="a">A 1.76:519</marc:subfield>
        </marc:datafield>
        <marc:datafield tag="100" ind1="1" ind2=" ">
            <marc:subfield code="a">Little, Elbert L.</marc:subfield>
            <marc:subfield code="q">(Elbert Luther),</marc:subfield>
            <marc:subfield code="d">1907-2004.</marc:subfield>
            <marc:subfield code="1">https://id.oclc.org/worldcat/entity/E39PBJm4RT74fq4pCRjDbXH3cP</marc:subfield>
        </marc:datafield>
        <marc:datafield tag="245" ind1="1" ind2="0">
            <marc:subfield code="a">Important forest trees of the United States /</marc:subfield>
            <marc:subfield code="c">by Elbert L. Little, Jr.</marc:subfield>
        </marc:datafield>
        <marc:datafield tag="260" ind1=" " ind2=" ">
            <marc:subfield code="a">Washington, D.C. :</marc:subfield>
            <marc:subfield code="b">Forest Service, U.S. Dept. of Agriculture,</marc:subfield>
            <marc:subfield code="c">1978.</marc:subfield>
        </marc:datafield>
        <marc:datafield tag="300" ind1=" " ind2=" ">
            <marc:subfield code="a">1 online resource (ii, 70 pages) :</marc:subfield>
            <marc:subfield code="b">illustrations, maps.</marc:subfield>
        </marc:datafield>
        <marc:datafield tag="336" ind1=" " ind2=" ">
            <marc:subfield code="a">text</marc:subfield>
            <marc:subfield code="b">txt</marc:subfield>
            <marc:subfield code="2">rdacontent</marc:subfield>
        </marc:datafield>
        <marc:datafield tag="337" ind1=" " ind2=" ">
            <marc:subfield code="a">computer</marc:subfield>
            <marc:subfield code="b">c</marc:subfield>
            <marc:subfield code="2">rdamedia</marc:subfield>
        </marc:datafield>
        <marc:datafield tag="338" ind1=" " ind2=" ">
            <marc:subfield code="a">online resource</marc:subfield>
            <marc:subfield code="b">cr</marc:subfield>
            <marc:subfield code="2">rdacarrier</marc:subfield>
        </marc:datafield>
        <marc:datafield tag="490" ind1="1" ind2=" ">
            <marc:subfield code="a">Agriculture handbook ;</marc:subfield>
            <marc:subfield code="v">no. 519</marc:subfield>
        </marc:datafield>
        <marc:datafield tag="533" ind1=" " ind2=" ">
            <marc:subfield code="a">Electronic reproduction.</marc:subfield>
            <marc:subfield code="b">[Place of publication not identified] :</marc:subfield>
            <marc:subfield code="c">HathiTrust Digital Library,</marc:subfield>
            <marc:subfield code="d">2010.</marc:subfield>
            <marc:subfield code="5">MiAaHDL</marc:subfield>
        </marc:datafield>
        <marc:datafield tag="538" ind1=" " ind2=" ">
            <marc:subfield code="a">Master and use copy. Digital master created according to Benchmark for Faithful Digital Reproductions of Monographs and Serials, Version 1. Digital Library Federation, December 2002.</marc:subfield>
            <marc:subfield code="u">http://purl.oclc.org/DLF/benchrepro0212</marc:subfield>
            <marc:subfield code="5">MiAaHDL</marc:subfield>
        </marc:datafield>
        <marc:datafield tag="583" ind1="1" ind2=" ">
            <marc:subfield code="a">digitized</marc:subfield>
            <marc:subfield code="c">2010</marc:subfield>
            <marc:subfield code="h">HathiTrust Digital Library</marc:subfield>
            <marc:subfield code="l">committed to preserve</marc:subfield>
            <marc:subfield code="2">pda</marc:subfield>
            <marc:subfield code="5">MiAaHDL</marc:subfield>
        </marc:datafield>
        <marc:datafield tag="583" ind1="1" ind2=" ">
            <marc:subfield code="a">digitized</marc:subfield>
            <marc:subfield code="c">2011</marc:subfield>
            <marc:subfield code="h">HathiTrust Digital Library</marc:subfield>
            <marc:subfield code="l">committed to preserve</marc:subfield>
            <marc:subfield code="2">pda</marc:subfield>
            <marc:subfield code="5">MiAaHDL</marc:subfield>
        </marc:datafield>
        <marc:datafield tag="588" ind1="0" ind2=" ">
            <marc:subfield code="a">Print version record.</marc:subfield>
        </marc:datafield>
        <marc:datafield tag="504" ind1=" " ind2=" ">
            <marc:subfield code="a">Includes bibliographical references (pages 64-66) and indexes.</marc:subfield>
        </marc:datafield>
        <marc:datafield tag="505" ind1="2" ind2=" ">
            <marc:subfield code="a">Alaska -- Eastern -- Western -- Hawaii -- Puerto Rico and the Virgin Islands -- State trees -- Index of common names -- Index of scientific names.</marc:subfield>
        </marc:datafield>
        <marc:datafield tag="506" ind1=" " ind2=" ">
            <marc:subfield code="3">Use copy</marc:subfield>
            <marc:subfield code="f">Restrictions unspecified</marc:subfield>
            <marc:subfield code="2">star</marc:subfield>
            <marc:subfield code="5">MiAaHDL</marc:subfield>
        </marc:datafield>
        <marc:datafield tag="506" ind1="0" ind2=" ">
            <marc:subfield code="a">No restrictions on access.</marc:subfield>
            <marc:subfield code="5">MH</marc:subfield>
        </marc:datafield>
        <marc:datafield tag="650" ind1=" " ind2="0">
            <marc:subfield code="a">Trees</marc:subfield>
            <marc:subfield code="z">United States</marc:subfield>
            <marc:subfield code="v">Identification.</marc:subfield>
        </marc:datafield>
        <marc:datafield tag="650" ind1=" " ind2="6">
            <marc:subfield code="a">Arbres</marc:subfield>
            <marc:subfield code="z">États-Unis</marc:subfield>
            <marc:subfield code="x">Identification.</marc:subfield>
        </marc:datafield>
        <marc:datafield tag="650" ind1=" " ind2="7">
            <marc:subfield code="a">Trees.</marc:subfield>
            <marc:subfield code="2">fast</marc:subfield>
            <marc:subfield code="0">(OCoLC)fst01155984</marc:subfield>
        </marc:datafield>
        <marc:datafield tag="651" ind1=" " ind2="7">
            <marc:subfield code="a">United States.</marc:subfield>
            <marc:subfield code="2">fast</marc:subfield>
            <marc:subfield code="0">(OCoLC)fst01204155</marc:subfield>
            <marc:subfield code="1">https://id.oclc.org/worldcat/entity/E39PBJtxgQXMWqmjMjjwXRHgrq</marc:subfield>
        </marc:datafield>
        <marc:datafield tag="655" ind1=" " ind2="7">
            <marc:subfield code="a">Field guides.</marc:subfield>
            <marc:subfield code="2">fast</marc:subfield>
            <marc:subfield code="0">(OCoLC)fst01940354</marc:subfield>
        </marc:datafield>
        <marc:datafield tag="710" ind1="1" ind2=" ">
            <marc:subfield code="a">United States.</marc:subfield>
            <marc:subfield code="b">Forest Service.</marc:subfield>
        </marc:datafield>
        <marc:datafield tag="776" ind1="0" ind2="8">
            <marc:subfield code="i">Print version:</marc:subfield>
            <marc:subfield code="a">Little, Elbert L. (Elbert Luther), 1907-2004.</marc:subfield>
            <marc:subfield code="t">Important forest trees of the United States.</marc:subfield>
            <marc:subfield code="d">Washington, D.C. : Forest Service, U.S. Dept. of Agriculture, 1978</marc:subfield>
            <marc:subfield code="w">(DLC)   77600030</marc:subfield>
            <marc:subfield code="w">(OCoLC)4570665</marc:subfield>
        </marc:datafield>
        <marc:datafield tag="830" ind1=" " ind2="0">
            <marc:subfield code="a">Agriculture handbook (United States. Department of Agriculture) ;</marc:subfield>
            <marc:subfield code="v">no. 519.</marc:subfield>
        </marc:datafield>
        <marc:datafield tag="856" ind1="4" ind2="0">
            <marc:subfield code="u">https://purl.fdlp.gov/GPO/gpo28971</marc:subfield>
        </marc:datafield>
        <marc:datafield tag="978" ind1=" " ind2=" ">
            <marc:subfield code="a">.b75675535</marc:subfield>
            <marc:subfield code="9">LOCAL</marc:subfield>
        </marc:datafield>
        <marc:datafield tag="994" ind1=" " ind2=" ">
            <marc:subfield code="a">92</marc:subfield>
            <marc:subfield code="b">OCADD</marc:subfield>
        </marc:datafield>
    </marc:record>