
    <marc:record>
        <marc:leader>04063cam a2200673 i 4500</marc:leader>
        <marc:controlfield tag="001">99115198970001452</marc:controlfield>
        <marc:controlfield tag="005">20240916213021.0</marc:controlfield>
        <marc:controlfield tag="008">711230t19081902nyuaf         000 j eng  </marc:controlfield>
        <marc:datafield tag="010" ind1=" " ind2=" ">
            <marc:subfield code="a">   02025606 </marc:subfield>
        </marc:datafield>
        <marc:datafield tag="019" ind1=" " ind2=" ">
            <marc:subfield code="a">759254</marc:subfield>
            <marc:subfield code="a">5860360</marc:subfield>
        </marc:datafield>
        <marc:datafield tag="035" ind1=" " ind2=" ">
            <marc:subfield code="z">(OCoLC)ocm759254</marc:subfield>
            <marc:subfield code="z">(OCoLC)ocm5860360</marc:subfield>
        </marc:datafield>
        <marc:datafield tag="035" ind1=" " ind2=" ">
            <marc:subfield code="a">(OCoLC)00189449</marc:subfield>
            <marc:subfield code="z">(OCoLC)759254</marc:subfield>
            <marc:subfield code="z">(OCoLC)5860360</marc:subfield>
        </marc:datafield>
        <marc:datafield tag="035" ind1=" " ind2=" ">
            <marc:subfield code="a">(OCoLC)ocm00189449 </marc:subfield>
        </marc:datafield>
        <marc:datafield tag="035" ind1=" " ind2=" ">
            <marc:subfield code="a">(EXLNZ-01ALLIANCE_NETWORK)99150034350001451</marc:subfield>
        </marc:datafield>
        <marc:datafield tag="035" ind1=" " ind2=" ">
            <marc:subfield code="a">(01ALLIANCE_UW)99115198970001452</marc:subfield>
        </marc:datafield>
        <marc:datafield tag="040" ind1=" " ind2=" ">
            <marc:subfield code="a">DLC</marc:subfield>
            <marc:subfield code="b">eng</marc:subfield>
            <marc:subfield code="e">rda</marc:subfield>
            <marc:subfield code="e">dcrmb</marc:subfield>
            <marc:subfield code="c">OUN</marc:subfield>
            <marc:subfield code="d">SER</marc:subfield>
            <marc:subfield code="d">OCL</marc:subfield>
            <marc:subfield code="d">XY4</marc:subfield>
            <marc:subfield code="d">UMC</marc:subfield>
            <marc:subfield code="d">STF</marc:subfield>
            <marc:subfield code="d">CRU</marc:subfield>
            <marc:subfield code="d">KRTAS</marc:subfield>
            <marc:subfield code="d">PLF</marc:subfield>
            <marc:subfield code="d">WAU</marc:subfield>
            <marc:subfield code="d">OCLCO</marc:subfield>
            <marc:subfield code="d">OCLCQ</marc:subfield>
            <marc:subfield code="d">OCLCF</marc:subfield>
            <marc:subfield code="d">IQU</marc:subfield>
            <marc:subfield code="d">DTM</marc:subfield>
            <marc:subfield code="d">NMWMA</marc:subfield>
            <marc:subfield code="d">CUI</marc:subfield>
            <marc:subfield code="d">OCLCQ</marc:subfield>
            <marc:subfield code="d">XBE</marc:subfield>
            <marc:subfield code="d">OCLCQ</marc:subfield>
            <marc:subfield code="d">OCLCO</marc:subfield>
            <marc:subfield code="d">S#L</marc:subfield>
            <marc:subfield code="d">OCL</marc:subfield>
            <marc:subfield code="d">OCLCO</marc:subfield>
            <marc:subfield code="d">OCLCQ</marc:subfield>
            <marc:subfield code="d">OCLCO</marc:subfield>
            <marc:subfield code="d">ZKK</marc:subfield>
            <marc:subfield code="d">OCLCO</marc:subfield>
            <marc:subfield code="d">OCLCQ</marc:subfield>
            <marc:subfield code="d">CLU</marc:subfield>
            <marc:subfield code="d">OSU</marc:subfield>
            <marc:subfield code="d">OCLCO</marc:subfield>
            <marc:subfield code="d">OCLCL</marc:subfield>
            <marc:subfield code="d">OCLCQ</marc:subfield>
        </marc:datafield>
        <marc:datafield tag="049" ind1=" " ind2=" ">
            <marc:subfield code="a">MAIN</marc:subfield>
        </marc:datafield>
        <marc:datafield tag="050" ind1="0" ind2="4">
            <marc:subfield code="a">PS3117</marc:subfield>
            <marc:subfield code="b">.B58 1908</marc:subfield>
        </marc:datafield>
        <marc:datafield tag="050" ind1="0" ind2="4">
            <marc:subfield code="a">PZ3.V228</marc:subfield>
        </marc:datafield>
        <marc:datafield tag="082" ind1="0" ind2="4">
            <marc:subfield code="a">814</marc:subfield>
        </marc:datafield>
        <marc:datafield tag="100" ind1="1" ind2=" ">
            <marc:subfield code="a">Van Dyke, Henry,</marc:subfield>
            <marc:subfield code="d">1852-1933,</marc:subfield>
            <marc:subfield code="e">author.</marc:subfield>
            <marc:subfield code="1">https://id.oclc.org/worldcat/entity/E39PBJvxvdvdbFgXMVTpKfwDMP</marc:subfield>
        </marc:datafield>
        <marc:datafield tag="245" ind1="1" ind2="4">
            <marc:subfield code="a">The blue flower /</marc:subfield>
            <marc:subfield code="c">by Henry Van Dyke.</marc:subfield>
        </marc:datafield>
        <marc:datafield tag="264" ind1=" " ind2="1">
            <marc:subfield code="a">New York :</marc:subfield>
            <marc:subfield code="b">Charles Scribner's Sons,</marc:subfield>
            <marc:subfield code="c">1908.</marc:subfield>
        </marc:datafield>
        <marc:datafield tag="264" ind1=" " ind2="4">
            <marc:subfield code="c">©1902</marc:subfield>
        </marc:datafield>
        <marc:datafield tag="300" ind1=" " ind2=" ">
            <marc:subfield code="a">vii, 298 pages, 8 unnumbered leaves of plates :</marc:subfield>
            <marc:subfield code="b">color illustrations ;</marc:subfield>
            <marc:subfield code="c">20 cm</marc:subfield>
        </marc:datafield>
        <marc:datafield tag="336" ind1=" " ind2=" ">
            <marc:subfield code="a">still image</marc:subfield>
            <marc:subfield code="b">sti</marc:subfield>
            <marc:subfield code="2">rdacontent</marc:subfield>
        </marc:datafield>
        <marc:datafield tag="336" ind1=" " ind2=" ">
            <marc:subfield code="a">text</marc:subfield>
            <marc:subfield code="b">txt</marc:subfield>
            <marc:subfield code="2">rdacontent</marc:subfield>
        </marc:datafield>
        <marc:datafield tag="337" ind1=" " ind2=" ">
            <marc:subfield code="a">unmediated</marc:subfield>
            <marc:subfield code="b">n</marc:subfield>
            <marc:subfield code="2">rdamedia</marc:subfield>
        </marc:datafield>
        <marc:datafield tag="338" ind1=" " ind2=" ">
            <marc:subfield code="a">volume</marc:subfield>
            <marc:subfield code="b">nc</marc:subfield>
            <marc:subfield code="2">rdacarrier</marc:subfield>
        </marc:datafield>
        <marc:datafield tag="510" ind1="4" ind2=" ">
            <marc:subfield code="a">Gullens,</marc:subfield>
            <marc:subfield code="c">243</marc:subfield>
        </marc:datafield>
        <marc:datafield tag="510" ind1="4" ind2=" ">
            <marc:subfield code="a">Gullans &amp; Espey's Margaret Armstrong and American trade bindings,</marc:subfield>
            <marc:subfield code="c">278</marc:subfield>
        </marc:datafield>
        <marc:datafield tag="520" ind1=" " ind2=" ">
            <marc:subfield code="a">Henry van Dyke (1852-1933) was an American clergyman, educator, and author. He graduated from Princeton in 1873, and from Princeton Theological Seminary in 1874. He was pastor of the Brick Presbyterian Church, New York City (1883-99), professor of English literature at Princeton (1899-1923), and U.S. minister to the Netherlands (1913-16). As President Wilson's ambassador to the Netherlands from 1913, Van Dyke was a first-hand witness to the outbreak of World War I and its progress, and was a key player in the President's diplomatic efforts to keep the U.S. out of the conflict. He wrote the lyrics to the popular hymn, &quot;Joyful, Joyful We Adore Thee&quot; (1907), sung to the tune of Beethoven's &quot;Ode to Joy&quot;. This is a collection of his short stories on various religious themes that describe graphically the human journey in its search for happiness. Among his popular inspirational writings are the two Christmas stories, The Other Wise Man (1896) and The First Christmas Tree (1897)</marc:subfield>
        </marc:datafield>
        <marc:datafield tag="500" ind1=" " ind2=" ">
            <marc:subfield code="a">Short stories.</marc:subfield>
        </marc:datafield>
        <marc:datafield tag="500" ind1=" " ind2=" ">
            <marc:subfield code="a">Binding signed: M.A. [i.e. Margaret Armstrong].</marc:subfield>
        </marc:datafield>
        <marc:datafield tag="505" ind1="0" ind2="0">
            <marc:subfield code="g">I.</marc:subfield>
            <marc:subfield code="t">The blue flower --</marc:subfield>
            <marc:subfield code="g">II.</marc:subfield>
            <marc:subfield code="t">The source --</marc:subfield>
            <marc:subfield code="g">III.</marc:subfield>
            <marc:subfield code="t">The mill --</marc:subfield>
            <marc:subfield code="g">IV.</marc:subfield>
            <marc:subfield code="t">Spy rock --</marc:subfield>
            <marc:subfield code="g">V.</marc:subfield>
            <marc:subfield code="t">Wood magic --</marc:subfield>
            <marc:subfield code="g">VI.</marc:subfield>
            <marc:subfield code="t">The other wise man --</marc:subfield>
            <marc:subfield code="g">VII.</marc:subfield>
            <marc:subfield code="t">A handful of clay --</marc:subfield>
            <marc:subfield code="g">VIII.</marc:subfield>
            <marc:subfield code="t">The lost word --</marc:subfield>
            <marc:subfield code="g">IX.</marc:subfield>
            <marc:subfield code="t">The first Christmas-tree.</marc:subfield>
        </marc:datafield>
        <marc:datafield tag="650" ind1=" " ind2="0">
            <marc:subfield code="a">Short stories, American.</marc:subfield>
        </marc:datafield>
        <marc:datafield tag="650" ind1=" " ind2="0">
            <marc:subfield code="a">Religious fiction, American.</marc:subfield>
        </marc:datafield>
        <marc:datafield tag="650" ind1=" " ind2="6">
            <marc:subfield code="a">Nouvelles américaines.</marc:subfield>
        </marc:datafield>
        <marc:datafield tag="650" ind1=" " ind2="7">
            <marc:subfield code="a">Religious fiction, American</marc:subfield>
            <marc:subfield code="2">fast</marc:subfield>
        </marc:datafield>
        <marc:datafield tag="650" ind1=" " ind2="7">
            <marc:subfield code="a">Short stories, American</marc:subfield>
            <marc:subfield code="2">fast</marc:subfield>
        </marc:datafield>
        <marc:datafield tag="655" ind1=" " ind2="7">
            <marc:subfield code="a">short stories.</marc:subfield>
            <marc:subfield code="2">aat</marc:subfield>
        </marc:datafield>
        <marc:datafield tag="655" ind1=" " ind2="7">
            <marc:subfield code="a">Short stories</marc:subfield>
            <marc:subfield code="2">fast</marc:subfield>
        </marc:datafield>
        <marc:datafield tag="655" ind1=" " ind2="7">
            <marc:subfield code="a">Religious fiction</marc:subfield>
            <marc:subfield code="2">fast</marc:subfield>
        </marc:datafield>
        <marc:datafield tag="655" ind1=" " ind2="7">
            <marc:subfield code="a">Short stories.</marc:subfield>
            <marc:subfield code="2">gsafd</marc:subfield>
        </marc:datafield>
        <marc:datafield tag="655" ind1=" " ind2="7">
            <marc:subfield code="a">Religious fiction.</marc:subfield>
            <marc:subfield code="2">lcgft</marc:subfield>
        </marc:datafield>
        <marc:datafield tag="655" ind1=" " ind2="7">
            <marc:subfield code="a">Short stories.</marc:subfield>
            <marc:subfield code="2">lcgft</marc:subfield>
        </marc:datafield>
        <marc:datafield tag="655" ind1=" " ind2="7">
            <marc:subfield code="a">Pictorial cloth bindings</marc:subfield>
            <marc:subfield code="z">United States</marc:subfield>
            <marc:subfield code="y">1902.</marc:subfield>
            <marc:subfield code="2">rbbin</marc:subfield>
        </marc:datafield>
        <marc:datafield tag="655" ind1=" " ind2="7">
            <marc:subfield code="a">Publishers' cloth bindings (Binding)</marc:subfield>
            <marc:subfield code="z">New York (State)</marc:subfield>
            <marc:subfield code="z">New York</marc:subfield>
            <marc:subfield code="y">1902.</marc:subfield>
            <marc:subfield code="2">rbbin</marc:subfield>
        </marc:datafield>
        <marc:datafield tag="655" ind1=" " ind2="7">
            <marc:subfield code="a">Embossed cloth bindings.</marc:subfield>
            <marc:subfield code="2">rbgenr</marc:subfield>
        </marc:datafield>
        <marc:datafield tag="655" ind1=" " ind2="7">
            <marc:subfield code="a">Nouvelles.</marc:subfield>
            <marc:subfield code="2">rvmgf</marc:subfield>
        </marc:datafield>
        <marc:datafield tag="600" ind1="1" ind2="0">
            <marc:subfield code="a">Pyle, Howard,</marc:subfield>
            <marc:subfield code="d">1853-1911.</marc:subfield>
        </marc:datafield>
        <marc:datafield tag="600" ind1="1" ind2="7">
            <marc:subfield code="a">Pyle, Howard,</marc:subfield>
            <marc:subfield code="d">1853-1911</marc:subfield>
            <marc:subfield code="2">fast</marc:subfield>
            <marc:subfield code="1">https://id.oclc.org/worldcat/entity/E39PBJycMJwVpctrPWJmPkYQMP</marc:subfield>
        </marc:datafield>
        <marc:datafield tag="710" ind1="2" ind2=" ">
            <marc:subfield code="a">Charles Scribner's Sons,</marc:subfield>
            <marc:subfield code="e">publisher.</marc:subfield>
        </marc:datafield>
        <marc:datafield tag="776" ind1="0" ind2="8">
            <marc:subfield code="i">Online version:</marc:subfield>
            <marc:subfield code="a">Van Dyke, Henry, 1852-1933.</marc:subfield>
            <marc:subfield code="t">Blue flower.</marc:subfield>
            <marc:subfield code="d">New York, C. Scribner's Sons, 1902</marc:subfield>
            <marc:subfield code="w">(OCoLC)612497283</marc:subfield>
        </marc:datafield>
        <marc:datafield tag="700" ind1="1" ind2=" ">
            <marc:subfield code="a">Armstrong, Margaret,</marc:subfield>
            <marc:subfield code="d">1867-1944,</marc:subfield>
            <marc:subfield code="e">binding designer.</marc:subfield>
            <marc:subfield code="1">https://id.oclc.org/worldcat/entity/E39PBJwtm3rb6twbQQymX9Qcyd</marc:subfield>
        </marc:datafield>
        <marc:datafield tag="856" ind1="4" ind2="1">
            <marc:subfield code="u">http://archive.org/details/blueflower01vand</marc:subfield>
        </marc:datafield>
        <marc:datafield tag="973" ind1=" " ind2=" ">
            <marc:subfield code="a">pbooks</marc:subfield>
        </marc:datafield>
        <marc:datafield tag="978" ind1=" " ind2=" ">
            <marc:subfield code="a">.b21498258</marc:subfield>
            <marc:subfield code="9">LOCAL</marc:subfield>
        </marc:datafield>
        <marc:datafield tag="994" ind1=" " ind2=" ">
            <marc:subfield code="a">92</marc:subfield>
            <marc:subfield code="b">OCACL</marc:subfield>
        </marc:datafield>
    </marc:record>