
    <marc:record>
        <marc:leader>05491cam a2200661 a 4500</marc:leader>
        <marc:controlfield tag="001">99128261590001452</marc:controlfield>
        <marc:controlfield tag="005">20240916213021.0</marc:controlfield>
        <marc:controlfield tag="008">090121s2009    nyu      b    000 0 eng  </marc:controlfield>
        <marc:datafield tag="010" ind1=" " ind2=" ">
            <marc:subfield code="a">  2009001580</marc:subfield>
        </marc:datafield>
        <marc:datafield tag="015" ind1=" " ind2=" ">
            <marc:subfield code="a">GBA944395</marc:subfield>
            <marc:subfield code="2">bnb</marc:subfield>
        </marc:datafield>
        <marc:datafield tag="016" ind1="7" ind2=" ">
            <marc:subfield code="a">015174774</marc:subfield>
            <marc:subfield code="2">Uk</marc:subfield>
        </marc:datafield>
        <marc:datafield tag="020" ind1=" " ind2=" ">
            <marc:subfield code="a">9780231149440</marc:subfield>
            <marc:subfield code="q">(cloth ;</marc:subfield>
            <marc:subfield code="q">alk. paper)</marc:subfield>
        </marc:datafield>
        <marc:datafield tag="020" ind1=" " ind2=" ">
            <marc:subfield code="a">0231149441</marc:subfield>
            <marc:subfield code="q">(cloth ;</marc:subfield>
            <marc:subfield code="q">alk. paper)</marc:subfield>
        </marc:datafield>
        <marc:datafield tag="020" ind1=" " ind2=" ">
            <marc:subfield code="a">9780231520539</marc:subfield>
            <marc:subfield code="q">(e-book)</marc:subfield>
        </marc:datafield>
        <marc:datafield tag="020" ind1=" " ind2=" ">
            <marc:subfield code="a">0231520530</marc:subfield>
            <marc:subfield code="q">(e-book)</marc:subfield>
        </marc:datafield>
        <marc:datafield tag="024" ind1="8" ind2=" ">
            <marc:subfield code="a">99935256748</marc:subfield>
        </marc:datafield>
        <marc:datafield tag="035" ind1=" " ind2=" ">
            <marc:subfield code="a">(OCoLC)286517926</marc:subfield>
        </marc:datafield>
        <marc:datafield tag="035" ind1=" " ind2=" ">
            <marc:subfield code="a">(OCoLC)ocn286517926</marc:subfield>
        </marc:datafield>
        <marc:datafield tag="035" ind1=" " ind2=" ">
            <marc:subfield code="a">(EXLNZ-01ALLIANCE_NETWORK)9995917600001451</marc:subfield>
        </marc:datafield>
        <marc:datafield tag="035" ind1=" " ind2=" ">
            <marc:subfield code="a">(01ALLIANCE_UW)99128261590001452</marc:subfield>
        </marc:datafield>
        <marc:datafield tag="040" ind1=" " ind2=" ">
            <marc:subfield code="a">DLC</marc:subfield>
            <marc:subfield code="b">eng</marc:subfield>
            <marc:subfield code="c">DLC</marc:subfield>
            <marc:subfield code="d">BTCTA</marc:subfield>
            <marc:subfield code="d">YDXCP</marc:subfield>
            <marc:subfield code="d">UKM</marc:subfield>
            <marc:subfield code="d">C#P</marc:subfield>
            <marc:subfield code="d">BWX</marc:subfield>
            <marc:subfield code="d">CDX</marc:subfield>
            <marc:subfield code="d">GEBAY</marc:subfield>
            <marc:subfield code="d">VP@</marc:subfield>
            <marc:subfield code="d">UKMGB</marc:subfield>
            <marc:subfield code="d">MIX</marc:subfield>
            <marc:subfield code="d">OCLCF</marc:subfield>
            <marc:subfield code="d">OCLCO</marc:subfield>
            <marc:subfield code="d">WSL</marc:subfield>
            <marc:subfield code="d">UCW</marc:subfield>
            <marc:subfield code="d">OCLCQ</marc:subfield>
            <marc:subfield code="d">OCLCO</marc:subfield>
            <marc:subfield code="d">OCLCA</marc:subfield>
            <marc:subfield code="d">WLU</marc:subfield>
            <marc:subfield code="d">OCLCA</marc:subfield>
            <marc:subfield code="d">SNK</marc:subfield>
            <marc:subfield code="d">OCLCO</marc:subfield>
            <marc:subfield code="d">OCLCL</marc:subfield>
        </marc:datafield>
        <marc:datafield tag="041" ind1="1" ind2=" ">
            <marc:subfield code="a">eng</marc:subfield>
            <marc:subfield code="h">kor</marc:subfield>
        </marc:datafield>
        <marc:datafield tag="043" ind1=" " ind2=" ">
            <marc:subfield code="a">a-kr---</marc:subfield>
        </marc:datafield>
        <marc:datafield tag="049" ind1=" " ind2=" ">
            <marc:subfield code="a">MAIN</marc:subfield>
        </marc:datafield>
        <marc:datafield tag="050" ind1="0" ind2="0">
            <marc:subfield code="a">PL991.9.T3</marc:subfield>
            <marc:subfield code="b">A2 2009</marc:subfield>
        </marc:datafield>
        <marc:datafield tag="055" ind1=" " ind2="3">
            <marc:subfield code="a">PL991.9.T3</marc:subfield>
            <marc:subfield code="b">A2 2013</marc:subfield>
        </marc:datafield>
        <marc:datafield tag="082" ind1="0" ind2="0">
            <marc:subfield code="a">895.7/44</marc:subfield>
            <marc:subfield code="2">22</marc:subfield>
        </marc:datafield>
        <marc:datafield tag="100" ind1="1" ind2=" ">
            <marc:subfield code="a">Yi, T'ae-jun,</marc:subfield>
            <marc:subfield code="d">1904-1956.</marc:subfield>
            <marc:subfield code="1">https://id.oclc.org/worldcat/entity/E39PBJwtqhTfmh79YhBpvc9VYP</marc:subfield>
        </marc:datafield>
        <marc:datafield tag="240" ind1="1" ind2="0">
            <marc:subfield code="a">Essays.</marc:subfield>
            <marc:subfield code="k">Selections.</marc:subfield>
            <marc:subfield code="l">English</marc:subfield>
        </marc:datafield>
        <marc:datafield tag="245" ind1="1" ind2="0">
            <marc:subfield code="a">Eastern sentiments /</marc:subfield>
            <marc:subfield code="c">Yi Tʻaejun ; translated and with an introduction by Janet Poole.</marc:subfield>
        </marc:datafield>
        <marc:datafield tag="260" ind1=" " ind2=" ">
            <marc:subfield code="a">New York :</marc:subfield>
            <marc:subfield code="b">Columbia University Press,</marc:subfield>
            <marc:subfield code="c">©2009.</marc:subfield>
        </marc:datafield>
        <marc:datafield tag="300" ind1=" " ind2=" ">
            <marc:subfield code="a">vii, 189 pages ;</marc:subfield>
            <marc:subfield code="c">22 cm.</marc:subfield>
        </marc:datafield>
        <marc:datafield tag="336" ind1=" " ind2=" ">
            <marc:subfield code="a">text</marc:subfield>
            <marc:subfield code="b">txt</marc:subfield>
            <marc:subfield code="2">rdacontent</marc:subfield>
        </marc:datafield>
        <marc:datafield tag="337" ind1=" " ind2=" ">
            <marc:subfield code="a">unmediated</marc:subfield>
            <marc:subfield code="b">n</marc:subfield>
            <marc:subfield code="2">rdamedia</marc:subfield>
        </marc:datafield>
        <marc:datafield tag="338" ind1=" " ind2=" ">
            <marc:subfield code="a">volume</marc:subfield>
            <marc:subfield code="b">nc</marc:subfield>
            <marc:subfield code="2">rdacarrier</marc:subfield>
        </marc:datafield>
        <marc:datafield tag="490" ind1="1" ind2=" ">
            <marc:subfield code="a">Weatherhead books on Asia</marc:subfield>
        </marc:datafield>
        <marc:datafield tag="520" ind1=" " ind2=" ">
            <marc:subfield code="a">&quot;The Confucian gentleman scholars of the Choson dynasty (1392-1910) often published short anecdotes exemplifying their values and aesthetic concerns. In modern Seoul one scholar in particular would excel at adapting this style to a contemporary readership: Yi T'aejun. Yi T'aejun was a prolific and influential writer of colonial Korea and an acknowledged master of the short story and essay. He also wrote numerous novels and was an influential editor of cultural news. Born in northern Korea in 1904, Yi T'aejun settled in Seoul after a restless youth that included several years of study in Japan. In 1946, he moved to Soviet-occupied northern Korea, but by 1956, a purge of southern communists forced him into exile. His subsequent whereabouts cannot be confirmed, though rumors claim Yi returned to Pyongyang, only to be exiled once more. It is believed Yi T'aejun passed away between 1960 and 1980, but his works were not made available until 1988, when South Korean censorship laws concerning authors who had sided with the north were eased. The essays in this collection reflect Yi's distinct voice and lyrical expression, revealing thoughts on a variety of subjects, from gardens to immigrant villages in Manchuria, from antiques to colonial assimilation, and from fishing to the recovery of Korea's past. Yi laments the passing of tradition with keen sensibility yet, at the same time, celebrates human perseverance in the face of loss and change. Most important, his essays recount the author's attempt to re-experience the past and keep it alive against absorption into the Japanese nation. Janet Poole faithfully reproduces Yi's complex craft, retaining his idiosyncratic tone and narrative. A brilliant introduction to a remarkable prose stylist, Eastern Sentiments eloquently complicates the historical, political, and aesthetic concerns of Orientalism.&quot;--Amazon.com.</marc:subfield>
        </marc:datafield>
        <marc:datafield tag="500" ind1=" " ind2=" ">
            <marc:subfield code="a">Anecdotal essays.</marc:subfield>
        </marc:datafield>
        <marc:datafield tag="546" ind1=" " ind2=" ">
            <marc:subfield code="a">Translated from the Korean.</marc:subfield>
        </marc:datafield>
        <marc:datafield tag="504" ind1=" " ind2=" ">
            <marc:subfield code="a">Includes bibliographical references.</marc:subfield>
        </marc:datafield>
        <marc:datafield tag="505" ind1="0" ind2="0">
            <marc:subfield code="g">Translator's acknowledgments -- Introduction. --</marc:subfield>
            <marc:subfield code="t">Walls --</marc:subfield>
            <marc:subfield code="t">Water --</marc:subfield>
            <marc:subfield code="t">Night --</marc:subfield>
            <marc:subfield code="t">Early ripening --</marc:subfield>
            <marc:subfield code="t">Death --</marc:subfield>
            <marc:subfield code="t">Mountains --</marc:subfield>
            <marc:subfield code="t">The flowerbed --</marc:subfield>
            <marc:subfield code="t">The banana plant --</marc:subfield>
            <marc:subfield code="t">Feet --</marc:subfield>
            <marc:subfield code="t">Compassion --</marc:subfield>
            <marc:subfield code="t">Stones --</marc:subfield>
            <marc:subfield code="t">The sea --</marc:subfield>
            <marc:subfield code="t">The city wall --</marc:subfield>
            <marc:subfield code="t">Autumn flowers --</marc:subfield>
            <marc:subfield code="t">Dawn --</marc:subfield>
            <marc:subfield code="t">Loneliness --</marc:subfield>
            <marc:subfield code="t">Narcissus --</marc:subfield>
            <marc:subfield code="t">History --</marc:subfield>
            <marc:subfield code="t">For whom do we write? --</marc:subfield>
            <marc:subfield code="t">The critic --</marc:subfield>
            <marc:subfield code="t">Eastern sentiments --</marc:subfield>
            <marc:subfield code="t">The short story and the conte --</marc:subfield>
            <marc:subfield code="t">-- Titles and other matters --</marc:subfield>
            <marc:subfield code="t">Korea's fiction --</marc:subfield>
            <marc:subfield code="t">The taste of fiction --</marc:subfield>
            <marc:subfield code="t">The fiction writer --</marc:subfield>
            <marc:subfield code="t">Friendship between men and women --</marc:subfield>
            <marc:subfield code="t">This thing called the popular --</marc:subfield>
            <marc:subfield code="t">The taste of The tale of Ch'unhyang --</marc:subfield>
            <marc:subfield code="t">Kisaeng and poetry --</marc:subfield>
            <marc:subfield code="t">Orchid --</marc:subfield>
            <marc:subfield code="t">Night flight --</marc:subfield>
            <marc:subfield code="t">Books --</marc:subfield>
            <marc:subfield code="t">Brush and ink --</marc:subfield>
            <marc:subfield code="t">Copying --</marc:subfield>
            <marc:subfield code="t">One part words --</marc:subfield>
            <marc:subfield code="t">Nature and books --</marc:subfield>
            <marc:subfield code="t">The love of work --</marc:subfield>
            <marc:subfield code="t">Other people's writing --</marc:subfield>
            <marc:subfield code="t">After illness --</marc:subfield>
            <marc:subfield code="t">The new bride and an ink painting of bamboo --</marc:subfield>
            <marc:subfield code="t">Reader's letters --</marc:subfield>
            <marc:subfield code="t">The year of the ox --</marc:subfield>
            <marc:subfield code="t">Trees --</marc:subfield>
            <marc:subfield code="t">Plum blossom --</marc:subfield>
            <marc:subfield code="t">The classics --</marc:subfield>
            <marc:subfield code="t">A poor drinker --</marc:subfield>
            <marc:subfield code="t">The carpenters --</marc:subfield>
            <marc:subfield code="t">Fishing --</marc:subfield>
            <marc:subfield code="t">Oriental painting --</marc:subfield>
            <marc:subfield code="t">Antiques --</marc:subfield>
            <marc:subfield code="t">Antiques and daily life --</marc:subfield>
            <marc:subfield code="t">Fiction --</marc:subfield>
            <marc:subfield code="t">Greetings --</marc:subfield>
            <marc:subfield code="t">The old writings of two qing poets --</marc:subfield>
            <marc:subfield code="t">Diary from a seaside village (Shōwa 11) --</marc:subfield>
            <marc:subfield code="t">Record of a journey to Manchuria.</marc:subfield>
        </marc:datafield>
        <marc:datafield tag="650" ind1=" " ind2="7">
            <marc:subfield code="a">Social conditions</marc:subfield>
            <marc:subfield code="2">fast</marc:subfield>
            <marc:subfield code="0">(OCoLC)fst01919811</marc:subfield>
        </marc:datafield>
        <marc:datafield tag="650" ind1=" " ind2="7">
            <marc:subfield code="a">Essay</marc:subfield>
            <marc:subfield code="2">gnd</marc:subfield>
        </marc:datafield>
        <marc:datafield tag="650" ind1=" " ind2="7">
            <marc:subfield code="a">Übersetzung</marc:subfield>
            <marc:subfield code="2">gnd</marc:subfield>
        </marc:datafield>
        <marc:datafield tag="651" ind1=" " ind2="0">
            <marc:subfield code="a">Korea</marc:subfield>
            <marc:subfield code="x">Social conditions</marc:subfield>
            <marc:subfield code="y">1945-</marc:subfield>
        </marc:datafield>
        <marc:datafield tag="651" ind1=" " ind2="6">
            <marc:subfield code="a">Corée</marc:subfield>
            <marc:subfield code="x">Conditions sociales</marc:subfield>
            <marc:subfield code="y">1945-</marc:subfield>
        </marc:datafield>
        <marc:datafield tag="651" ind1=" " ind2="7">
            <marc:subfield code="a">Korea.</marc:subfield>
            <marc:subfield code="2">fast</marc:subfield>
            <marc:subfield code="0">(OCoLC)fst01206434</marc:subfield>
        </marc:datafield>
        <marc:datafield tag="651" ind1=" " ind2="7">
            <marc:subfield code="a">Englisch.</marc:subfield>
            <marc:subfield code="2">swd</marc:subfield>
        </marc:datafield>
        <marc:datafield tag="600" ind1="1" ind2="7">
            <marc:subfield code="a">Yi, T'ae-jun.</marc:subfield>
            <marc:subfield code="2">swd</marc:subfield>
        </marc:datafield>
        <marc:datafield tag="648" ind1=" " ind2="7">
            <marc:subfield code="a">Since 1945</marc:subfield>
            <marc:subfield code="2">fast</marc:subfield>
        </marc:datafield>
        <marc:datafield tag="758" ind1=" " ind2=" ">
            <marc:subfield code="i">has work:</marc:subfield>
            <marc:subfield code="a">Eastern sentiments (Text)</marc:subfield>
            <marc:subfield code="1">https://id.oclc.org/worldcat/entity/E39PCYphGGY9vrkgC6gqrxwpyd</marc:subfield>
            <marc:subfield code="4">https://id.oclc.org/worldcat/ontology/hasWork</marc:subfield>
        </marc:datafield>
        <marc:datafield tag="700" ind1="1" ind2=" ">
            <marc:subfield code="a">Poole, Janet.</marc:subfield>
        </marc:datafield>
        <marc:datafield tag="830" ind1=" " ind2="0">
            <marc:subfield code="a">Weatherhead books on Asia.</marc:subfield>
        </marc:datafield>
        <marc:datafield tag="973" ind1=" " ind2=" ">
            <marc:subfield code="a">pbooks</marc:subfield>
        </marc:datafield>
        <marc:datafield tag="977" ind1=" " ind2=" ">
            <marc:subfield code="a">PromptCat</marc:subfield>
            <marc:subfield code="9">LOCAL</marc:subfield>
        </marc:datafield>
        <marc:datafield tag="978" ind1=" " ind2=" ">
            <marc:subfield code="a">.b62554281</marc:subfield>
            <marc:subfield code="9">LOCAL</marc:subfield>
        </marc:datafield>
        <marc:datafield tag="980" ind1=" " ind2=" ">
            <marc:subfield code="a">091020</marc:subfield>
            <marc:subfield code="b">4500</marc:subfield>
            <marc:subfield code="d">353</marc:subfield>
            <marc:subfield code="e">4066</marc:subfield>
            <marc:subfield code="f">820957</marc:subfield>
            <marc:subfield code="g">1</marc:subfield>
            <marc:subfield code="9">LOCAL</marc:subfield>
        </marc:datafield>
        <marc:datafield tag="994" ind1=" " ind2=" ">
            <marc:subfield code="a">92</marc:subfield>
            <marc:subfield code="b">OCACL</marc:subfield>
        </marc:datafield>
    </marc:record>