
    <marc:record>
        <marc:leader>03318cam a2200745 a 4500</marc:leader>
        <marc:controlfield tag="001">99115145950001452</marc:controlfield>
        <marc:controlfield tag="005">20240723213017.0</marc:controlfield>
        <marc:controlfield tag="008">910403m19849999ii a     b    001 0 eng  </marc:controlfield>
        <marc:datafield tag="010" ind1=" " ind2=" ">
            <marc:subfield code="a">   86906014 </marc:subfield>
        </marc:datafield>
        <marc:datafield tag="019" ind1=" " ind2=" ">
            <marc:subfield code="a">11871893</marc:subfield>
            <marc:subfield code="a">23689785</marc:subfield>
            <marc:subfield code="a">759669945</marc:subfield>
        </marc:datafield>
        <marc:datafield tag="020" ind1=" " ind2=" ">
            <marc:subfield code="a">1555281443</marc:subfield>
            <marc:subfield code="q">(U.S. ;</marc:subfield>
            <marc:subfield code="q">v. 3)</marc:subfield>
        </marc:datafield>
        <marc:datafield tag="020" ind1=" " ind2=" ">
            <marc:subfield code="a">9781555281441</marc:subfield>
            <marc:subfield code="q">(U.S. ;</marc:subfield>
            <marc:subfield code="q">v. 3)</marc:subfield>
        </marc:datafield>
        <marc:datafield tag="025" ind1=" " ind2=" ">
            <marc:subfield code="a">I E 52848</marc:subfield>
        </marc:datafield>
        <marc:datafield tag="035" ind1=" " ind2=" ">
            <marc:subfield code="a">(OCoLC)13022969</marc:subfield>
            <marc:subfield code="z">(OCoLC)11871893</marc:subfield>
            <marc:subfield code="z">(OCoLC)23689785</marc:subfield>
            <marc:subfield code="z">(OCoLC)759669945</marc:subfield>
        </marc:datafield>
        <marc:datafield tag="035" ind1=" " ind2=" ">
            <marc:subfield code="a">(OCoLC)ocm13022969 </marc:subfield>
        </marc:datafield>
        <marc:datafield tag="035" ind1=" " ind2=" ">
            <marc:subfield code="a">(EXLNZ-01ALLIANCE_NETWORK)99164272290001451</marc:subfield>
        </marc:datafield>
        <marc:datafield tag="035" ind1=" " ind2=" ">
            <marc:subfield code="a">(01ALLIANCE_UW)99115145950001452</marc:subfield>
        </marc:datafield>
        <marc:datafield tag="040" ind1=" " ind2=" ">
            <marc:subfield code="a">DLC</marc:subfield>
            <marc:subfield code="b">eng</marc:subfield>
            <marc:subfield code="c">DLC</marc:subfield>
            <marc:subfield code="d">UIU</marc:subfield>
            <marc:subfield code="d">AGL</marc:subfield>
            <marc:subfield code="d">NRC</marc:subfield>
            <marc:subfield code="d">MCS</marc:subfield>
            <marc:subfield code="d">BTCTA</marc:subfield>
            <marc:subfield code="d">OCLCG</marc:subfield>
            <marc:subfield code="d">UKMGB</marc:subfield>
            <marc:subfield code="d">GEBAY</marc:subfield>
            <marc:subfield code="d">OCLCO</marc:subfield>
            <marc:subfield code="d">OCLCF</marc:subfield>
            <marc:subfield code="d">OCLCQ</marc:subfield>
            <marc:subfield code="d">OCLCO</marc:subfield>
            <marc:subfield code="d">INCSK</marc:subfield>
            <marc:subfield code="d">OCLCQ</marc:subfield>
            <marc:subfield code="d">OCLCO</marc:subfield>
            <marc:subfield code="d">OCLCQ</marc:subfield>
            <marc:subfield code="d">WURST</marc:subfield>
            <marc:subfield code="d">OCLCO</marc:subfield>
            <marc:subfield code="d">OCLCL</marc:subfield>
            <marc:subfield code="d">OCLCQ</marc:subfield>
        </marc:datafield>
        <marc:datafield tag="043" ind1=" " ind2=" ">
            <marc:subfield code="a">w------</marc:subfield>
        </marc:datafield>
        <marc:datafield tag="049" ind1=" " ind2=" ">
            <marc:subfield code="a">MAIN</marc:subfield>
        </marc:datafield>
        <marc:datafield tag="050" ind1="0" ind2="0">
            <marc:subfield code="a">SB724</marc:subfield>
            <marc:subfield code="b">.R48 1987</marc:subfield>
        </marc:datafield>
        <marc:datafield tag="070" ind1="0" ind2=" ">
            <marc:subfield code="a">SB608.T8R4</marc:subfield>
        </marc:datafield>
        <marc:datafield tag="072" ind1=" " ind2="0">
            <marc:subfield code="a">F830</marc:subfield>
        </marc:datafield>
        <marc:datafield tag="082" ind1="0" ind2="0">
            <marc:subfield code="a">632/.3/0913</marc:subfield>
            <marc:subfield code="2">20</marc:subfield>
        </marc:datafield>
        <marc:datafield tag="245" ind1="0" ind2="0">
            <marc:subfield code="a">Review of tropical plant pathology /</marc:subfield>
            <marc:subfield code="c">editors S.P. Raychaudhuri, J.P. Verma.</marc:subfield>
        </marc:datafield>
        <marc:datafield tag="260" ind1=" " ind2=" ">
            <marc:subfield code="a">New Delhi :</marc:subfield>
            <marc:subfield code="b">Today and Tomorrow's Printers and Publishers,</marc:subfield>
            <marc:subfield code="c">1984-&lt;1992&gt;</marc:subfield>
        </marc:datafield>
        <marc:datafield tag="300" ind1=" " ind2=" ">
            <marc:subfield code="a">volumes &lt;1, 3-7&gt; :</marc:subfield>
            <marc:subfield code="b">illustrations ;</marc:subfield>
            <marc:subfield code="c">25 cm</marc:subfield>
        </marc:datafield>
        <marc:datafield tag="336" ind1=" " ind2=" ">
            <marc:subfield code="a">text</marc:subfield>
            <marc:subfield code="b">txt</marc:subfield>
            <marc:subfield code="2">rdacontent</marc:subfield>
        </marc:datafield>
        <marc:datafield tag="337" ind1=" " ind2=" ">
            <marc:subfield code="a">unmediated</marc:subfield>
            <marc:subfield code="b">n</marc:subfield>
            <marc:subfield code="2">rdamedia</marc:subfield>
        </marc:datafield>
        <marc:datafield tag="338" ind1=" " ind2=" ">
            <marc:subfield code="a">volume</marc:subfield>
            <marc:subfield code="b">nc</marc:subfield>
            <marc:subfield code="2">rdacarrier</marc:subfield>
        </marc:datafield>
        <marc:datafield tag="500" ind1=" " ind2=" ">
            <marc:subfield code="a">Vols. &lt;3-7&gt;: Distributed in USA Scholarly Publications, Houston, Tex.</marc:subfield>
        </marc:datafield>
        <marc:datafield tag="504" ind1=" " ind2=" ">
            <marc:subfield code="a">Includes bibliographical reference and indexes.</marc:subfield>
        </marc:datafield>
        <marc:datafield tag="505" ind1="0" ind2=" ">
            <marc:subfield code="a">v. 1-2. [without special title] -- v. 3. Vegetable diseases -- v. 4. Diseases of plantation crops and forest trees -- v. 5. Diseases of fibre and oilseed crops -- v. 6. Techniques and plant quarantine -- v. 7-8. Hall of fame and plant pathology -- Suppl. 1. Mango diseases and their management : a world review / by Om Prakash and K.C. Srivastava.</marc:subfield>
        </marc:datafield>
        <marc:datafield tag="650" ind1=" " ind2="0">
            <marc:subfield code="a">Plant diseases</marc:subfield>
            <marc:subfield code="z">Tropics.</marc:subfield>
        </marc:datafield>
        <marc:datafield tag="650" ind1=" " ind2="0">
            <marc:subfield code="a">Tropical crops</marc:subfield>
            <marc:subfield code="x">Diseases and pests.</marc:subfield>
        </marc:datafield>
        <marc:datafield tag="650" ind1=" " ind2="1">
            <marc:subfield code="a">Plant diseases-Tropics.</marc:subfield>
        </marc:datafield>
        <marc:datafield tag="650" ind1=" " ind2="6">
            <marc:subfield code="a">Plantes</marc:subfield>
            <marc:subfield code="x">Maladies et fléaux</marc:subfield>
            <marc:subfield code="z">Régions tropicales.</marc:subfield>
        </marc:datafield>
        <marc:datafield tag="650" ind1=" " ind2="6">
            <marc:subfield code="a">Cultures tropicales</marc:subfield>
            <marc:subfield code="x">Maladies et fléaux.</marc:subfield>
        </marc:datafield>
        <marc:datafield tag="650" ind1=" " ind2="7">
            <marc:subfield code="a">Plant diseases.</marc:subfield>
            <marc:subfield code="2">fast</marc:subfield>
            <marc:subfield code="0">(OCoLC)fst01065378</marc:subfield>
        </marc:datafield>
        <marc:datafield tag="650" ind1=" " ind2="7">
            <marc:subfield code="a">Tropical crops</marc:subfield>
            <marc:subfield code="x">Diseases and pests.</marc:subfield>
            <marc:subfield code="2">fast</marc:subfield>
            <marc:subfield code="0">(OCoLC)fst01157422</marc:subfield>
        </marc:datafield>
        <marc:datafield tag="650" ind1=" " ind2="7">
            <marc:subfield code="a">Phytopathologie</marc:subfield>
            <marc:subfield code="2">gnd</marc:subfield>
        </marc:datafield>
        <marc:datafield tag="651" ind1=" " ind2="7">
            <marc:subfield code="a">Tropics.</marc:subfield>
            <marc:subfield code="2">fast</marc:subfield>
            <marc:subfield code="0">(OCoLC)fst01240674</marc:subfield>
        </marc:datafield>
        <marc:datafield tag="651" ind1=" " ind2="7">
            <marc:subfield code="a">Tropen</marc:subfield>
            <marc:subfield code="2">gnd</marc:subfield>
        </marc:datafield>
        <marc:datafield tag="653" ind1="0" ind2="0">
            <marc:subfield code="a">plantenziekten</marc:subfield>
        </marc:datafield>
        <marc:datafield tag="653" ind1="0" ind2="0">
            <marc:subfield code="a">plant diseases</marc:subfield>
        </marc:datafield>
        <marc:datafield tag="653" ind1="0" ind2="0">
            <marc:subfield code="a">plant pathogenic bacteria</marc:subfield>
        </marc:datafield>
        <marc:datafield tag="653" ind1="0" ind2="0">
            <marc:subfield code="a">plantenziekteverwekkende schimmels</marc:subfield>
        </marc:datafield>
        <marc:datafield tag="653" ind1="0" ind2="0">
            <marc:subfield code="a">plant pathogenic fungi</marc:subfield>
        </marc:datafield>
        <marc:datafield tag="653" ind1="0" ind2="0">
            <marc:subfield code="a">plantenziektekunde</marc:subfield>
        </marc:datafield>
        <marc:datafield tag="653" ind1="0" ind2="0">
            <marc:subfield code="a">plant pathology</marc:subfield>
        </marc:datafield>
        <marc:datafield tag="653" ind1="0" ind2="0">
            <marc:subfield code="a">plantenvirussen</marc:subfield>
        </marc:datafield>
        <marc:datafield tag="653" ind1="0" ind2="0">
            <marc:subfield code="a">plant viruses</marc:subfield>
        </marc:datafield>
        <marc:datafield tag="653" ind1="0" ind2="0">
            <marc:subfield code="a">overzichten</marc:subfield>
        </marc:datafield>
        <marc:datafield tag="653" ind1="0" ind2="0">
            <marc:subfield code="a">reviews</marc:subfield>
        </marc:datafield>
        <marc:datafield tag="653" ind1="0" ind2="0">
            <marc:subfield code="a">tropen</marc:subfield>
        </marc:datafield>
        <marc:datafield tag="653" ind1="0" ind2="0">
            <marc:subfield code="a">tropics</marc:subfield>
        </marc:datafield>
        <marc:datafield tag="653" ind1="1" ind2="0">
            <marc:subfield code="a">Diseases, Pests and Disorders of Plants (General)</marc:subfield>
        </marc:datafield>
        <marc:datafield tag="653" ind1="1" ind2="0">
            <marc:subfield code="a">Plantenziekten, -plagen en -afwijkingen (algemeen)</marc:subfield>
        </marc:datafield>
        <marc:datafield tag="776" ind1="0" ind2="8">
            <marc:subfield code="i">Online version:</marc:subfield>
            <marc:subfield code="t">Review of tropical plant pathology.</marc:subfield>
            <marc:subfield code="d">New Delhi : Today and Tomorrow's Printers and Publishers, 1984-&lt;1992&gt;</marc:subfield>
            <marc:subfield code="w">(OCoLC)746582714</marc:subfield>
        </marc:datafield>
        <marc:datafield tag="700" ind1="1" ind2=" ">
            <marc:subfield code="a">Raychaudhuri, S. P.</marc:subfield>
            <marc:subfield code="q">(Syama Prasad),</marc:subfield>
            <marc:subfield code="d">1915-</marc:subfield>
            <marc:subfield code="1">https://id.oclc.org/worldcat/entity/E39PCjCtkjg4hWqgJc9RgFypxC</marc:subfield>
        </marc:datafield>
        <marc:datafield tag="700" ind1="1" ind2=" ">
            <marc:subfield code="a">Verma, J. P.</marc:subfield>
            <marc:subfield code="q">(Jeevan P.)</marc:subfield>
            <marc:subfield code="1">https://id.oclc.org/worldcat/entity/E39PCjFwCCxJbtMPXWrcYdDC73</marc:subfield>
        </marc:datafield>
        <marc:datafield tag="970" ind1=" " ind2=" ">
            <marc:subfield code="a">Set 344</marc:subfield>
            <marc:subfield code="9">LOCAL</marc:subfield>
        </marc:datafield>
        <marc:datafield tag="973" ind1=" " ind2=" ">
            <marc:subfield code="a">pbooks</marc:subfield>
        </marc:datafield>
        <marc:datafield tag="978" ind1=" " ind2=" ">
            <marc:subfield code="a">.b21372834</marc:subfield>
            <marc:subfield code="9">LOCAL</marc:subfield>
        </marc:datafield>
        <marc:datafield tag="994" ind1=" " ind2=" ">
            <marc:subfield code="a">92</marc:subfield>
            <marc:subfield code="b">OCACL</marc:subfield>
        </marc:datafield>
    </marc:record>